<?xml version="1.0" encoding="UTF-8"?>
<!DOCTYPE html PUBLIC "-//W3C//DTD XHTML 1.0 Transitional//EN"
    "http://www.w3.org/TR/xhtml1/DTD/xhtml1-transitional.dtd">
<html xmlns="http://www.w3.org/1999/xhtml" xml:lang="en" lang="en">
 <head>
  <title>
</title>
<meta http-equiv="Content-Type" content="text/html;charset=utf-8" />
  <meta name='ocr-system' content='tesseract 3.04.00' />
  <meta name='ocr-capabilities' content='ocr_page ocr_carea ocr_par ocr_line ocrx_word'/>
</head>
<body>
  <div class='ocr_page' id='page_1' title='image "./4770968_0018.png"; bbox 0 0 2692 3515; ppageno 0'>
   <div class='ocr_carea' id='block_1_1' title="bbox 2244 0 2692 365">
    <p class='ocr_par' dir='ltr' id='par_1_1' title="bbox 2244 0 2692 365">
     <span class='ocr_line' id='line_1_1' title="bbox 2244 0 2692 365; baseline 0 0"><span class='ocrx_word' id='word_1_1' title='bbox 2244 0 2692 365; x_wconf 95' lang='lat' dir='ltr'>  </span> 
     </span>
    </p>
   </div>
   <div class='ocr_carea' id='block_1_2' title="bbox 40 263 2635 1649">
    <p class='ocr_par' dir='ltr' id='par_1_2' title="bbox 40 263 2678 498">
     <span class='ocr_line' id='line_1_2' title="bbox 67 263 2611 369; baseline -0.007 -14"><span class='ocrx_word' id='word_1_2' title='bbox 67 298 253 358; x_wconf 68' lang='lat' dir='ltr'>&#39;nefins</span> <span class='ocrx_word' id='word_1_3' title='bbox 280 263 595 369; x_wconf 88' lang='lat' dir='ltr'>prosequeretur,</span> <span class='ocrx_word' id='word_1_4' title='bbox 624 302 905 350; x_wconf 65' lang='lat' dir='ltr'>contenda-ent</span> <span class='ocrx_word' id='word_1_5' title='bbox 948 301 1085 345; x_wconf 73' lang='lat' dir='ltr'>autem</span> <span class='ocrx_word' id='word_1_6' title='bbox 1127 299 1189 342; x_wconf 91' lang='grc' dir='ltr'>ιιι</span> <span class='ocrx_word' id='word_1_7' title='bbox 1216 313 1265 346; x_wconf 80' lang='lat' dir='ltr'>ea</span> <span class='ocrx_word' id='word_1_8' title='bbox 1290 301 1421 346; x_wconf 74' lang='lat' dir='ltr'>forma</span> <span class='ocrx_word' id='word_1_9' title='bbox 1446 301 1590 354; x_wconf 75' lang='lat' dir='ltr'>ornati,</span> <span class='ocrx_word' id='word_1_10' title='bbox 1636 302 1685 345; x_wconf 88' lang='lat' dir='ltr'>ut</span> <span class='ocrx_word' id='word_1_11' title='bbox 1723 311 1873 346; x_wconf 76' lang='lat' dir='ltr'>oenus</span> <span class='ocrx_word' id='word_1_12' title='bbox 1882 300 2041 354; x_wconf 70' lang='lat' dir='ltr'>stonti</span> <span class='ocrx_word' id='word_1_13' title='bbox 2062 299 2611 364; x_wconf 53' lang='lat' dir='ltr'>Wffltffl-”r</span> 
     </span>
     <span class='ocr_line' id='line_1_3' title="bbox 40 366 2590 453; baseline -0.006 -32"><span class='ocrx_word' id='word_1_14' title='bbox 40 428 42 431; x_wconf 84' lang='lat'>.</span> <span class='ocrx_word' id='word_1_15' title='bbox 104 375 490 453; x_wconf 66' lang='lat' dir='ltr'>gerntmutre</span> <span class='ocrx_word' id='word_1_16' title='bbox 518 375 562 418; x_wconf 91' lang='lat' dir='ltr'>et</span> <span class='ocrx_word' id='word_1_17' title='bbox 586 371 765 422; x_wconf 82' lang='lat' dir='ltr'>reticulo,</span> <span class='ocrx_word' id='word_1_18' title='bbox 793 381 870 424; x_wconf 88' lang='lat' dir='ltr'>quo</span> <span class='ocrx_word' id='word_1_19' title='bbox 898 366 1080 424; x_wconf 70' lang='lat' dir='ltr'>panificia</span> <span class='ocrx_word' id='word_1_20' title='bbox 1119 367 1323 418; x_wconf 76' lang='lat' dir='ltr'>haherent,</span> <span class='ocrx_word' id='word_1_21' title='bbox 1364 373 1407 412; x_wconf 83' lang='lat' dir='ltr'>et</span> <span class='ocrx_word' id='word_1_22' title='bbox 1449 369 1518 424; x_wconf 87' lang='lat' dir='ltr'>qui</span> <span class='ocrx_word' id='word_1_23' title='bbox 1563 368 1759 420; x_wconf 80' lang='lat' dir='ltr'>vicisset.</span> <span class='ocrx_word' id='word_1_24' title='bbox 1782 367 2021 424; x_wconf 71' lang='lat' dir='ltr'>premium</span> <span class='ocrx_word' id='word_1_25' title='bbox 2039 369 2238 420; x_wconf 54' lang='lat' dir='ltr'>habau,</span> <span class='ocrx_word' id='word_1_26' title='bbox 2255 368 2590 428; x_wconf 61' lang='lat' dir='ltr'>quamq..</span> 
     </span>
     <span class='ocr_line' id='line_1_4' title="bbox 109 438 1015 498; baseline -0.007 -12"><span class='ocrx_word' id='word_1_27' title='bbox 109 442 163 495; x_wconf 90' lang='grc' dir='ltr'>ιι,</span> <span class='ocrx_word' id='word_1_28' title='bbox 191 438 884 498; x_wconf 57' lang='lat' dir='ltr'>quivimmoontulisseve.</span> <span class='ocrx_word' id='word_1_29' title='bbox 914 448 951 490; x_wconf 88' lang='lat' dir='ltr'>q.</span> <span class='ocrx_word' id='word_1_30' title='bbox 982 447 1015 480; x_wconf 85' lang='lat' dir='ltr'>s.</span> 
     </span>
    </p>

    <p class='ocr_par' dir='ltr' id='par_1_3' title="bbox 107 509 2635 1456">
     <span class='ocr_line' id='line_1_5' title="bbox 120 509 2607 578; baseline -0.01 -42"><span class='ocrx_word' id='word_1_31' title='bbox 120 523 123 536; x_wconf 73' lang='grc'><em>,</em></span> <span class='ocrx_word' id='word_1_32' title='bbox 237 541 239 543; x_wconf 96' lang='grc'><strong>.</strong></span> <span class='ocrx_word' id='word_1_33' title='bbox 310 518 413 564; x_wconf 87' lang='lat' dir='ltr'>Post</span> <span class='ocrx_word' id='word_1_34' title='bbox 439 518 664 576; x_wconf 85' lang='lat' dir='ltr'>expositam</span> <span class='ocrx_word' id='word_1_35' title='bbox 689 514 819 573; x_wconf 83' lang='lat' dir='ltr'>poesis</span> <span class='ocrx_word' id='word_1_36' title='bbox 846 512 1047 558; x_wconf 81' lang='lat' dir='ltr'>bucolicae</span> <span class='ocrx_word' id='word_1_37' title='bbox 1073 512 1269 568; x_wconf 74' lang='lat' dir='ltr'>originem</span> <span class='ocrx_word' id='word_1_38' title='bbox 1297 513 1339 555; x_wconf 90' lang='lat' dir='ltr'>in</span> <span class='ocrx_word' id='word_1_39' title='bbox 1364 513 1526 559; x_wconf 86' lang='lat' dir='ltr'>scholiis</span> <span class='ocrx_word' id='word_1_40' title='bbox 1551 513 1794 558; x_wconf 86' lang='lat' dir='ltr'>Theocriteis</span> <span class='ocrx_word' id='word_1_41' title='bbox 1821 515 2043 571; x_wconf 85' lang='lat' dir='ltr'>sequuntur</span> <span class='ocrx_word' id='word_1_42' title='bbox 2066 515 2184 562; x_wconf 79' lang='lat' dir='ltr'>haec·</span> <span class='ocrx_word' id='word_1_43' title='bbox 2211 518 2340 564; x_wconf 74' lang='grc' dir='ltr'>Πᾰσα</span> <span class='ocrx_word' id='word_1_44' title='bbox 2368 522 2574 578; x_wconf 58' lang='lat' dir='ltr'><em>W</em></span> <span class='ocrx_word' id='word_1_45' title='bbox 2603 509 2607 511; x_wconf 72' lang='grc'>,</span> 
     </span>
     <span class='ocr_line' id='line_1_6' title="bbox 107 582 2554 659; baseline -0.011 -10"><span class='ocrx_word' id='word_1_46' title='bbox 107 599 215 649; x_wconf 60' lang='grc' dir='ltr'><strong><em>τρεῖς</em></strong></span> <span class='ocrx_word' id='word_1_47' title='bbox 242 591 327 646; x_wconf 67' lang='grc' dir='ltr'>ὅτε·</span> <span class='ocrx_word' id='word_1_48' title='bbox 349 604 629 646; x_wconf 56' lang='lat' dir='ltr'>tarvennam,</span> <span class='ocrx_word' id='word_1_49' title='bbox 658 583 974 642; x_wconf 58' lang='grc' dir='ltr'>διηγηματικόν</span> <span class='ocrx_word' id='word_1_50' title='bbox 1004 582 1268 638; x_wconf 63' lang='grc' dir='ltr'>δραματικὸν</span> <span class='ocrx_word' id='word_1_51' title='bbox 1314 586 1387 626; x_wconf 68' lang='grc' dir='ltr'>καὶ</span> <span class='ocrx_word' id='word_1_52' title='bbox 1432 599 1593 639; x_wconf 75' lang='grc' dir='ltr'>μικων,</span> <span class='ocrx_word' id='word_1_53' title='bbox 1640 582 1686 627; x_wconf 76' lang='grc' dir='ltr'>τὸ</span> <span class='ocrx_word' id='word_1_54' title='bbox 1728 584 1777 627; x_wconf 74' lang='grc' dir='ltr'>δὲ</span> <span class='ocrx_word' id='word_1_55' title='bbox 1796 582 2046 659; x_wconf 62' lang='grc' dir='ltr'>βιοκολιιὸν</span> <span class='ocrx_word' id='word_1_56' title='bbox 2072 588 2235 641; x_wconf 60' lang='grc' dir='ltr'>μιγμα</span> <span class='ocrx_word' id='word_1_57' title='bbox 2255 586 2343 634; x_wconf 58' lang='grc' dir='ltr'>ιω</span> <span class='ocrx_word' id='word_1_58' title='bbox 2386 587 2554 639; x_wconf 52' lang='lat' dir='ltr'>‚mag</span> 
     </span>
     <span class='ocr_line' id='line_1_7' title="bbox 109 648 2556 716; baseline -0.003 -11"><span class='ocrx_word' id='word_1_59' title='bbox 109 659 269 716; x_wconf 69' lang='grc' dir='ltr'>εἴδους,</span> <span class='ocrx_word' id='word_1_60' title='bbox 296 655 404 701; x_wconf 87' lang='lat' dir='ltr'>unde</span> <span class='ocrx_word' id='word_1_61' title='bbox 429 656 585 706; x_wconf 84' lang='lat' dir='ltr'>hausta,</span> <span class='ocrx_word' id='word_1_62' title='bbox 614 665 715 709; x_wconf 86' lang='lat' dir='ltr'>quae</span> <span class='ocrx_word' id='word_1_63' title='bbox 742 651 897 695; x_wconf 89' lang='lat' dir='ltr'>Probus</span> <span class='ocrx_word' id='word_1_64' title='bbox 925 663 965 706; x_wconf 87' lang='lat' dir='ltr'>p.</span> <span class='ocrx_word' id='word_1_65' title='bbox 993 649 1034 701; x_wconf 86' lang='lat'>7,</span> <span class='ocrx_word' id='word_1_66' title='bbox 1069 649 1120 692; x_wconf 85' lang='lat'>12</span> <span class='ocrx_word' id='word_1_67' title='bbox 1148 648 1204 692; x_wconf 89' lang='grc' dir='ltr'>Κ.</span> <span class='ocrx_word' id='word_1_68' title='bbox 1233 648 1413 704; x_wconf 81' lang='lat' dir='ltr'>exponit.</span> <span class='ocrx_word' id='word_1_69' title='bbox 1458 650 1608 702; x_wconf 54' lang='lat' dir='ltr'>‚Omne</span> <span class='ocrx_word' id='word_1_70' title='bbox 1655 662 1814 694; x_wconf 73' lang='lat' dir='ltr'>carmen</span> <span class='ocrx_word' id='word_1_71' title='bbox 1857 649 1900 693; x_wconf 91' lang='lat' dir='ltr'>iu</span> <span class='ocrx_word' id='word_1_72' title='bbox 1941 654 2023 695; x_wconf 86' lang='lat' dir='ltr'>tres</span> <span class='ocrx_word' id='word_1_73' title='bbox 2061 651 2316 698; x_wconf 61' lang='lat' dir='ltr'>charactere</span> <span class='ocrx_word' id='word_1_74' title='bbox 2332 652 2556 707; x_wconf 67' lang='lat' dir='ltr'>dividim.</span> 
     </span>
     <span class='ocr_line' id='line_1_8' title="bbox 112 716 2628 777; baseline -0.007 -5"><span class='ocrx_word' id='word_1_75' title='bbox 112 726 381 775; x_wconf 69' lang='lat' dir='ltr'>dramaticon,</span> <span class='ocrx_word' id='word_1_76' title='bbox 410 724 451 766; x_wconf 89' lang='grc' dir='ltr'>ιιι</span> <span class='ocrx_word' id='word_1_77' title='bbox 479 734 558 777; x_wconf 90' lang='lat' dir='ltr'>qno</span> <span class='ocrx_word' id='word_1_78' title='bbox 593 732 784 776; x_wconf 82' lang='lat' dir='ltr'>personae</span> <span class='ocrx_word' id='word_1_79' title='bbox 812 717 1091 761; x_wconf 82' lang='lat' dir='ltr'>tantummodo</span> <span class='ocrx_word' id='word_1_80' title='bbox 1124 717 1356 771; x_wconf 84' lang='lat' dir='ltr'>loquuntur,</span> <span class='ocrx_word' id='word_1_81' title='bbox 1402 716 1706 773; x_wconf 78' lang='lat' dir='ltr'>diegematicon,</span> <span class='ocrx_word' id='word_1_82' title='bbox 1751 718 1795 761; x_wconf 89' lang='grc' dir='ltr'>ιιι</span> <span class='ocrx_word' id='word_1_83' title='bbox 1842 730 1920 773; x_wconf 90' lang='lat' dir='ltr'>quo</span> <span class='ocrx_word' id='word_1_84' title='bbox 1958 718 2068 762; x_wconf 86' lang='lat' dir='ltr'>solus</span> <span class='ocrx_word' id='word_1_85' title='bbox 2106 721 2239 774; x_wconf 63' lang='lat' dir='ltr'>poeta,</span> <span class='ocrx_word' id='word_1_86' title='bbox 2281 723 2431 777; x_wconf 54' lang='lat' dir='ltr'>m„</span> <span class='ocrx_word' id='word_1_87' title='bbox 2468 722 2544 766; x_wconf 68' lang='lat' dir='ltr'>ubi</span> <span class='ocrx_word' id='word_1_88' title='bbox 2626 771 2628 773; x_wconf 12' lang='grc' dir='ltr'><strong><em>ι</em></strong></span> 
     </span>
     <span class='ocr_line' id='line_1_9' title="bbox 112 783 2635 852; baseline -0.006 -12"><span class='ocrx_word' id='word_1_89' title='bbox 112 792 339 852; x_wconf 75' lang='lat' dir='ltr'>promiscue</span> <span class='ocrx_word' id='word_1_90' title='bbox 363 792 406 836; x_wconf 87' lang='lat' dir='ltr'>et</span> <span class='ocrx_word' id='word_1_91' title='bbox 433 790 551 847; x_wconf 87' lang='lat' dir='ltr'>poeta</span> <span class='ocrx_word' id='word_1_92' title='bbox 579 791 620 834; x_wconf 87' lang='lat' dir='ltr'>et</span> <span class='ocrx_word' id='word_1_93' title='bbox 645 792 843 845; x_wconf 68' lang='lat' dir='ltr'>persona..⁸</span> <span class='ocrx_word' id='word_1_94' title='bbox 915 783 979 829; x_wconf 83' lang='lat' dir='ltr'>Ad</span> <span class='ocrx_word' id='word_1_95' title='bbox 1008 783 1175 830; x_wconf 88' lang='lat' dir='ltr'>eundem</span> <span class='ocrx_word' id='word_1_96' title='bbox 1219 784 1326 829; x_wconf 87' lang='lat' dir='ltr'>hunc</span> <span class='ocrx_word' id='word_1_97' title='bbox 1367 783 1520 830; x_wconf 71' lang='lat' dir='ltr'>fontem</span> <span class='ocrx_word' id='word_1_98' title='bbox 1568 784 1786 837; x_wconf 75' lang='lat' dir='ltr'>retulerim,</span> <span class='ocrx_word' id='word_1_99' title='bbox 1835 798 1935 842; x_wconf 85' lang='lat' dir='ltr'>quae</span> <span class='ocrx_word' id='word_1_100' title='bbox 1970 785 2151 832; x_wconf 67' lang='lat' dir='ltr'>Donatus</span> <span class='ocrx_word' id='word_1_101' title='bbox 2179 787 2237 844; x_wconf 89' lang='lat' dir='ltr'>(p.</span> <span class='ocrx_word' id='word_1_102' title='bbox 2268 787 2353 833; x_wconf 77' lang='lat'>742</span> <span class='ocrx_word' id='word_1_103' title='bbox 2381 789 2552 846; x_wconf 60' lang='lat' dir='ltr'>unga)</span> <span class='ocrx_word' id='word_1_104' title='bbox 2633 798 2635 800; x_wconf 94' lang='lat'>·</span> 
     </span>
     <span class='ocr_line' id='line_1_10' title="bbox 112 848 2550 913; baseline -0.006 -8"><span class='ocrx_word' id='word_1_105' title='bbox 112 862 164 905; x_wconf 76' lang='lat' dir='ltr'>de</span> <span class='ocrx_word' id='word_1_106' title='bbox 189 861 319 904; x_wconf 85' lang='lat' dir='ltr'>tribus</span> <span class='ocrx_word' id='word_1_107' title='bbox 347 857 614 902; x_wconf 75' lang='lat' dir='ltr'>elocutionum</span> <span class='ocrx_word' id='word_1_108' title='bbox 663 855 796 898; x_wconf 87' lang='lat' dir='ltr'>modis</span> <span class='ocrx_word' id='word_1_109' title='bbox 839 853 1010 908; x_wconf 84' lang='lat' dir='ltr'>explicat</span> <span class='ocrx_word' id='word_1_110' title='bbox 1053 855 1211 908; x_wconf 74' lang='grc' dir='ltr'>,ἰσχνός</span> <span class='ocrx_word' id='word_1_111' title='bbox 1253 852 1320 906; x_wconf 92' lang='lat' dir='ltr'>qui</span> <span class='ocrx_word' id='word_1_112' title='bbox 1362 853 1507 904; x_wconf 86' lang='lat' dir='ltr'>tenuis,</span> <span class='ocrx_word' id='word_1_113' title='bbox 1552 857 1680 910; x_wconf 72' lang='grc' dir='ltr'>μέσος</span> <span class='ocrx_word' id='word_1_114' title='bbox 1721 853 1789 908; x_wconf 88' lang='lat' dir='ltr'>qui</span> <span class='ocrx_word' id='word_1_115' title='bbox 1830 853 2073 904; x_wconf 82' lang='lat' dir='ltr'>moderatus,</span> <span class='ocrx_word' id='word_1_116' title='bbox 2119 854 2250 913; x_wconf 68' lang='grc' dir='ltr'><em>ἁδρός</em></span> <span class='ocrx_word' id='word_1_117' title='bbox 2281 855 2358 912; x_wconf 80' lang='lat' dir='ltr'>qui</span> <span class='ocrx_word' id='word_1_118' title='bbox 2385 848 2550 903; x_wconf 54' lang='lat' dir='ltr'>undu</span> 
     </span>
     <span class='ocr_line' id='line_1_11' title="bbox 114 920 2552 982; baseline -0.003 -10"><span class='ocrx_word' id='word_1_119' title='bbox 114 927 378 982; x_wconf 76' lang='lat' dir='ltr'>intellegitm3</span> <span class='ocrx_word' id='word_1_120' title='bbox 405 924 593 968; x_wconf 76' lang='lat' dir='ltr'>credibile</span> <span class='ocrx_word' id='word_1_121' title='bbox 619 923 699 966; x_wconf 90' lang='lat' dir='ltr'>erit</span> <span class='ocrx_word' id='word_1_122' title='bbox 727 921 962 975; x_wconf 81' lang='lat' dir='ltr'>Vergilium,</span> <span class='ocrx_word' id='word_1_123' title='bbox 992 921 1060 974; x_wconf 91' lang='lat' dir='ltr'>qui</span> <span class='ocrx_word' id='word_1_124' title='bbox 1087 921 1128 962; x_wconf 89' lang='grc' dir='ltr'>ιιι</span> <span class='ocrx_word' id='word_1_125' title='bbox 1158 920 1268 963; x_wconf 87' lang='grc' dir='ltr'>οιιιιιι</span> <span class='ocrx_word' id='word_1_126' title='bbox 1295 931 1437 972; x_wconf 85' lang='lat' dir='ltr'>genere</span> <span class='ocrx_word' id='word_1_127' title='bbox 1463 921 1719 975; x_wconf 80' lang='lat' dir='ltr'>praevaleret.</span> <span class='ocrx_word' id='word_1_128' title='bbox 1750 921 1927 964; x_wconf 88' lang='lat' dir='ltr'>bucolica</span> <span class='ocrx_word' id='word_1_129' title='bbox 1960 922 2013 964; x_wconf 80' lang='lat' dir='ltr'>ad</span> <span class='ocrx_word' id='word_1_130' title='bbox 2040 923 2339 980; x_wconf 81' lang='lat' dir='ltr'>primum..</span> <span class='ocrx_word' id='word_1_131' title='bbox 2369 924 2552 967; x_wconf 65' lang='lat' dir='ltr'>voluisse</span> 
     </span>
     <span class='ocr_line' id='line_1_12' title="bbox 112 984 2548 1046; baseline -0.006 -5"><span class='ocrx_word' id='word_1_132' title='bbox 112 993 299 1041; x_wconf 73' lang='lat' dir='ltr'>conferre‘</span> <span class='ocrx_word' id='word_1_133' title='bbox 302 1027 313 1040; x_wconf 87' lang='lat'><strong>.</strong></span> <span class='ocrx_word' id='word_1_134' title='bbox 372 989 525 1037; x_wconf 88' lang='lat' dir='ltr'>Deinde</span> <span class='ocrx_word' id='word_1_135' title='bbox 551 1002 631 1035; x_wconf 91' lang='lat' dir='ltr'>non</span> <span class='ocrx_word' id='word_1_136' title='bbox 660 987 827 1034; x_wconf 91' lang='lat' dir='ltr'>dubium</span> <span class='ocrx_word' id='word_1_137' title='bbox 856 989 933 1040; x_wconf 87' lang='lat' dir='ltr'>est,</span> <span class='ocrx_word' id='word_1_138' title='bbox 979 985 1073 1043; x_wconf 89' lang='lat' dir='ltr'>quin</span> <span class='ocrx_word' id='word_1_139' title='bbox 1120 997 1225 1043; x_wconf 86' lang='lat' dir='ltr'>quae</span> <span class='ocrx_word' id='word_1_140' title='bbox 1257 984 1413 1031; x_wconf 85' lang='lat' dir='ltr'>Probus</span> <span class='ocrx_word' id='word_1_141' title='bbox 1442 999 1481 1043; x_wconf 90' lang='lat' dir='ltr'>p.</span> <span class='ocrx_word' id='word_1_142' title='bbox 1509 986 1550 1039; x_wconf 86' lang='grc'>6.</span> <span class='ocrx_word' id='word_1_143' title='bbox 1580 986 1636 1030; x_wconf 88' lang='grc'>33</span> <span class='ocrx_word' id='word_1_144' title='bbox 1666 985 1808 1043; x_wconf 82' lang='lat' dir='ltr'>,Tityri</span> <span class='ocrx_word' id='word_1_145' title='bbox 1835 990 1878 1032; x_wconf 89' lang='lat' dir='ltr'>et</span> <span class='ocrx_word' id='word_1_146' title='bbox 1908 984 2095 1033; x_wconf 81' lang='lat' dir='ltr'>Meliboei</span> <span class='ocrx_word' id='word_1_147' title='bbox 2122 1002 2308 1046; x_wconf 73' lang='lat' dir='ltr'>personas</span> <span class='ocrx_word' id='word_1_148' title='bbox 2335 989 2386 1036; x_wconf 69' lang='lat'>&lt;10</span> <span class='ocrx_word' id='word_1_149' title='bbox 2411 990 2548 1037; x_wconf 53' lang='lat' dir='ltr'>⁰1¹1„oe</span> 
     </span>
     <span class='ocr_line' id='line_1_13' title="bbox 109 1054 2547 1115; baseline -0.003 -10"><span class='ocrx_word' id='word_1_150' title='bbox 109 1064 211 1105; x_wconf 90' lang='lat' dir='ltr'>crito</span> <span class='ocrx_word' id='word_1_151' title='bbox 239 1061 435 1115; x_wconf 54' lang='lat' dir='ltr'>empsim</span> <span class='ocrx_word' id='word_1_152' title='bbox 459 1060 531 1109; x_wconf 83' lang='lat' dir='ltr'>sed</span> <span class='ocrx_word' id='word_1_153' title='bbox 559 1063 703 1102; x_wconf 84' lang='lat' dir='ltr'>tamen</span> <span class='ocrx_word' id='word_1_154' title='bbox 733 1057 834 1098; x_wconf 84' lang='lat' dir='ltr'>ratio</span> <span class='ocrx_word' id='word_1_155' title='bbox 863 1057 959 1098; x_wconf 89' lang='lat' dir='ltr'>haec</span> <span class='ocrx_word' id='word_1_156' title='bbox 987 1055 1193 1097; x_wconf 88' lang='lat' dir='ltr'>nominum</span> <span class='ocrx_word' id='word_1_157' title='bbox 1223 1057 1299 1096; x_wconf 88' lang='lat' dir='ltr'>est:</span> <span class='ocrx_word' id='word_1_158' title='bbox 1347 1054 1480 1098; x_wconf 84' lang='lat' dir='ltr'>hircus</span> <span class='ocrx_word' id='word_1_159' title='bbox 1525 1055 1657 1109; x_wconf 79' lang='lat' dir='ltr'>libyca</span> <span class='ocrx_word' id='word_1_160' title='bbox 1684 1055 1819 1109; x_wconf 85' lang='lat' dir='ltr'>lingua</span> <span class='ocrx_word' id='word_1_161' title='bbox 1847 1055 1993 1109; x_wconf 81' lang='lat' dir='ltr'>tityrus</span> <span class='ocrx_word' id='word_1_162' title='bbox 2019 1057 2257 1111; x_wconf 81' lang='lat' dir='ltr'>appellatur,</span> <span class='ocrx_word' id='word_1_163' title='bbox 2300 1069 2394 1101; x_wconf 78' lang='lat' dir='ltr'>nam</span> <span class='ocrx_word' id='word_1_164' title='bbox 2424 1058 2547 1103; x_wconf 67' lang='lat' dir='ltr'>Moli.</span> 
     </span>
     <span class='ocr_line' id='line_1_14' title="bbox 113 1120 2553 1178; baseline -0.002 -5"><span class='ocrx_word' id='word_1_165' title='bbox 113 1131 236 1173; x_wconf 87' lang='lat' dir='ltr'>hoeus</span> <span class='ocrx_word' id='word_1_166' title='bbox 292 1140 388 1170; x_wconf 85' lang='lat' dir='ltr'>cura</span> <span class='ocrx_word' id='word_1_167' title='bbox 433 1127 555 1168; x_wconf 90' lang='lat' dir='ltr'>boum</span> <span class='ocrx_word' id='word_1_168' title='bbox 594 1124 777 1178; x_wconf 83' lang='lat' dir='ltr'>diligens⁴</span> <span class='ocrx_word' id='word_1_169' title='bbox 830 1133 1006 1176; x_wconf 79' lang='lat' dir='ltr'>quaeque</span> <span class='ocrx_word' id='word_1_170' title='bbox 1051 1120 1210 1163; x_wconf 83' lang='lat' dir='ltr'>Servius</span> <span class='ocrx_word' id='word_1_171' title='bbox 1278 1133 1432 1175; x_wconf 88' lang='lat' dir='ltr'>quoque</span> <span class='ocrx_word' id='word_1_172' title='bbox 1478 1121 1685 1164; x_wconf 80' lang='lat' dir='ltr'>adnotavit</span> <span class='ocrx_word' id='word_1_173' title='bbox 1712 1125 1771 1175; x_wconf 77' lang='lat' dir='ltr'>(q.</span> <span class='ocrx_word' id='word_1_174' title='bbox 1797 1122 1839 1172; x_wconf 92' lang='lat'>4,</span> <span class='ocrx_word' id='word_1_175' title='bbox 1867 1123 1896 1163; x_wconf 85' lang='lat'>4</span> <span class='ocrx_word' id='word_1_176' title='bbox 1923 1121 2017 1177; x_wconf 84' lang='lat' dir='ltr'>Th.)</span> <span class='ocrx_word' id='word_1_177' title='bbox 2049 1122 2184 1173; x_wconf 84' lang='lat' dir='ltr'>‚etiam</span> <span class='ocrx_word' id='word_1_178' title='bbox 2233 1125 2307 1168; x_wconf 89' lang='lat' dir='ltr'>hoc</span> <span class='ocrx_word' id='word_1_179' title='bbox 2336 1125 2553 1169; x_wconf 39' lang='lat' dir='ltr'>sciendum*</span> 
     </span>
     <span class='ocr_line' id='line_1_15' title="bbox 112 1187 2554 1253; baseline -0.002 -12"><span class='ocrx_word' id='word_1_180' title='bbox 112 1199 156 1241; x_wconf 92' lang='lat' dir='ltr'>et</span> <span class='ocrx_word' id='word_1_181' title='bbox 200 1208 389 1253; x_wconf 76' lang='lat' dir='ltr'>personas</span> <span class='ocrx_word' id='word_1_182' title='bbox 430 1193 546 1237; x_wconf 91' lang='lat' dir='ltr'>buius</span> <span class='ocrx_word' id='word_1_183' title='bbox 594 1204 723 1248; x_wconf 74' lang='lat' dir='ltr'>operis</span> <span class='ocrx_word' id='word_1_184' title='bbox 758 1203 804 1234; x_wconf 83' lang='lat' dir='ltr'>ex</span> <span class='ocrx_word' id='word_1_185' title='bbox 848 1188 999 1233; x_wconf 80' lang='lat' dir='ltr'>maiore</span> <span class='ocrx_word' id='word_1_186' title='bbox 1027 1191 1139 1244; x_wconf 83' lang='lat' dir='ltr'>parte</span> <span class='ocrx_word' id='word_1_187' title='bbox 1180 1188 1343 1232; x_wconf 88' lang='lat' dir='ltr'>nomina</span> <span class='ocrx_word' id='word_1_188' title='bbox 1390 1188 1440 1232; x_wconf 88' lang='lat' dir='ltr'>de</span> <span class='ocrx_word' id='word_1_189' title='bbox 1474 1190 1590 1232; x_wconf 87' lang='lat' dir='ltr'>rebus</span> <span class='ocrx_word' id='word_1_190' title='bbox 1638 1187 1795 1233; x_wconf 75' lang='lat' dir='ltr'>rusticis</span> <span class='ocrx_word' id='word_1_191' title='bbox 1833 1189 1975 1234; x_wconf 89' lang='lat' dir='ltr'>habere</span> <span class='ocrx_word' id='word_1_192' title='bbox 2019 1190 2189 1235; x_wconf 80' lang='lat' dir='ltr'>conficta</span> <span class='ocrx_word' id='word_1_193' title='bbox 2218 1196 2277 1241; x_wconf 80' lang='lat' dir='ltr'>,ut</span> <span class='ocrx_word' id='word_1_194' title='bbox 2304 1192 2554 1245; x_wconf 72' lang='lat' dir='ltr'>Meliboeus.-</span> 
     </span>
     <span class='ocr_line' id='line_1_16' title="bbox 115 1255 2541 1322; baseline -0.002 -11"><span class='ocrx_word' id='word_1_195' title='bbox 115 1265 197 1319; x_wconf 68' lang='grc' dir='ltr'>,ὅτι</span> <span class='ocrx_word' id='word_1_196' title='bbox 239 1265 355 1322; x_wconf 69' lang='grc' dir='ltr'>μέλει</span> <span class='ocrx_word' id='word_1_197' title='bbox 400 1262 512 1321; x_wconf 70' lang='grc' dir='ltr'>αιἠιῑ.</span> <span class='ocrx_word' id='word_1_198' title='bbox 560 1264 644 1305; x_wconf 79' lang='grc' dir='ltr'>τῶν</span> <span class='ocrx_word' id='word_1_199' title='bbox 690 1260 806 1312; x_wconf 77' lang='grc' dir='ltr'>βοῶν</span> <span class='ocrx_word' id='word_1_200' title='bbox 853 1292 865 1303; x_wconf 93' lang='grc'><strong>.</strong></span> <span class='ocrx_word' id='word_1_201' title='bbox 894 1291 905 1302; x_wconf 92' lang='grc'><strong>.</strong></span> <span class='ocrx_word' id='word_1_202' title='bbox 952 1260 992 1300; x_wconf 92' lang='lat' dir='ltr'>et</span> <span class='ocrx_word' id='word_1_203' title='bbox 1038 1258 1086 1299; x_wconf 89' lang='lat' dir='ltr'>ut</span> <span class='ocrx_word' id='word_1_204' title='bbox 1104 1255 1280 1311; x_wconf 83' lang='lat' dir='ltr'>Tityrus.</span> <span class='ocrx_word' id='word_1_205' title='bbox 1325 1269 1420 1299; x_wconf 87' lang='lat' dir='ltr'>nam</span> <span class='ocrx_word' id='word_1_206' title='bbox 1468 1256 1671 1300; x_wconf 82' lang='lat' dir='ltr'>Laconum</span> <span class='ocrx_word' id='word_1_207' title='bbox 1718 1257 1854 1313; x_wconf 85' lang='lat' dir='ltr'>lingua</span> <span class='ocrx_word' id='word_1_208' title='bbox 1882 1257 2028 1313; x_wconf 78' lang='lat' dir='ltr'>tityrus</span> <span class='ocrx_word' id='word_1_209' title='bbox 2074 1258 2220 1303; x_wconf 87' lang='lat' dir='ltr'>dicitur</span> <span class='ocrx_word' id='word_1_210' title='bbox 2260 1260 2366 1304; x_wconf 89' lang='lat' dir='ltr'>aries</span> <span class='ocrx_word' id='word_1_211' title='bbox 2395 1261 2541 1313; x_wconf 83' lang='lat' dir='ltr'>maior,</span> 
     </span>
     <span class='ocr_line' id='line_1_17' title="bbox 112 1324 2540 1388; baseline -0.001 -12"><span class='ocrx_word' id='word_1_212' title='bbox 112 1332 182 1388; x_wconf 83' lang='lat' dir='ltr'>qui</span> <span class='ocrx_word' id='word_1_213' title='bbox 207 1343 368 1387; x_wconf 84' lang='lat' dir='ltr'>gregem</span> <span class='ocrx_word' id='word_1_214' title='bbox 397 1328 547 1372; x_wconf 85' lang='lat' dir='ltr'>anteire</span> <span class='ocrx_word' id='word_1_215' title='bbox 574 1327 805 1377; x_wconf 85' lang='lat' dir='ltr'>consuevit‘‚</span> <span class='ocrx_word' id='word_1_216' title='bbox 837 1326 934 1369; x_wconf 92' lang='lat' dir='ltr'>olim</span> <span class='ocrx_word' id='word_1_217' title='bbox 962 1326 1066 1367; x_wconf 87' lang='lat' dir='ltr'>lecta</span> <span class='ocrx_word' id='word_1_218' title='bbox 1094 1324 1176 1366; x_wconf 90' lang='lat' dir='ltr'>sint</span> <span class='ocrx_word' id='word_1_219' title='bbox 1203 1324 1245 1366; x_wconf 91' lang='lat' dir='ltr'>in</span> <span class='ocrx_word' id='word_1_220' title='bbox 1274 1324 1435 1367; x_wconf 80' lang='lat' dir='ltr'>scholiis</span> <span class='ocrx_word' id='word_1_221' title='bbox 1463 1324 1718 1373; x_wconf 82' lang='lat' dir='ltr'>Theocriteis.</span> <span class='ocrx_word' id='word_1_222' title='bbox 1763 1325 1867 1379; x_wconf 89' lang='lat' dir='ltr'>quod</span> <span class='ocrx_word' id='word_1_223' title='bbox 1912 1325 2160 1370; x_wconf 86' lang='lat' dir='ltr'>demonstrat</span> <span class='ocrx_word' id='word_1_224' title='bbox 2193 1328 2316 1373; x_wconf 83' lang='lat' dir='ltr'>schol.</span> <span class='ocrx_word' id='word_1_225' title='bbox 2366 1328 2423 1372; x_wconf 88' lang='lat' dir='ltr'>id.</span> <span class='ocrx_word' id='word_1_226' title='bbox 2453 1328 2540 1381; x_wconf 83' lang='lat'>111,</span> 
     </span>
     <span class='ocr_line' id='line_1_18' title="bbox 107 1391 2574 1456; baseline -0.009 -14"><span class='ocrx_word' id='word_1_227' title='bbox 107 1400 136 1442; x_wconf 89' lang='grc'>2</span> <span class='ocrx_word' id='word_1_228' title='bbox 164 1400 263 1443; x_wconf 82' lang='lat' dir='ltr'>Ahr.</span> <span class='ocrx_word' id='word_1_229' title='bbox 290 1399 383 1448; x_wconf 68' lang='grc' dir='ltr'>τοὺς</span> <span class='ocrx_word' id='word_1_230' title='bbox 410 1399 591 1453; x_wconf 79' lang='grc' dir='ltr'><strong><em>τράγους</em></strong></span> <span class='ocrx_word' id='word_1_231' title='bbox 618 1397 806 1450; x_wconf 79' lang='grc' dir='ltr'>τιτύρους</span> <span class='ocrx_word' id='word_1_232' title='bbox 834 1396 1015 1449; x_wconf 72' lang='grc' dir='ltr'>λέγουσι,</span> <span class='ocrx_word' id='word_1_233' title='bbox 1064 1392 1206 1446; x_wconf 88' lang='lat' dir='ltr'>quibus</span> <span class='ocrx_word' id='word_1_234' title='bbox 1255 1391 1447 1443; x_wconf 83' lang='lat' dir='ltr'>addenda,</span> <span class='ocrx_word' id='word_1_235' title='bbox 1478 1404 1578 1447; x_wconf 85' lang='lat' dir='ltr'>quae</span> <span class='ocrx_word' id='word_1_236' title='bbox 1606 1391 1806 1446; x_wconf 86' lang='lat' dir='ltr'>Zieglerus</span> <span class='ocrx_word' id='word_1_237' title='bbox 1848 1405 1894 1435; x_wconf 87' lang='lat' dir='ltr'>ex</span> <span class='ocrx_word' id='word_1_238' title='bbox 1924 1394 2111 1437; x_wconf 79' lang='lat' dir='ltr'>Ambros.</span> <span class='ocrx_word' id='word_1_239' title='bbox 2142 1393 2284 1438; x_wconf 79' lang='lat' dir='ltr'>edidit:</span> <span class='ocrx_word' id='word_1_240' title='bbox 2322 1397 2574 1456; x_wconf 58' lang='grc' dir='ltr'>ΉώρουςῙ.</span> 
     </span>
    </p>

    <p class='ocr_par' dir='ltr' id='par_1_4' title="bbox 111 1458 2551 1649">
     <span class='ocr_line' id='line_1_19' title="bbox 151 1458 2545 1523; baseline 0.001 -16"><span class='ocrx_word' id='word_1_241' title='bbox 151 1497 162 1507; x_wconf 93' lang='grc'><strong>.</strong></span> <span class='ocrx_word' id='word_1_242' title='bbox 192 1499 203 1511; x_wconf 92' lang='grc'><strong>.</strong></span> <span class='ocrx_word' id='word_1_243' title='bbox 233 1466 359 1510; x_wconf 81' lang='grc' dir='ltr'>ἄλλοι</span> <span class='ocrx_word' id='word_1_244' title='bbox 387 1466 437 1508; x_wconf 76' lang='grc' dir='ltr'>δὲ</span> <span class='ocrx_word' id='word_1_245' title='bbox 464 1465 557 1516; x_wconf 78' lang='grc' dir='ltr'>τοὺς</span> <span class='ocrx_word' id='word_1_246' title='bbox 586 1466 777 1521; x_wconf 78' lang='grc' dir='ltr'>τρὰγους.</span> <span class='ocrx_word' id='word_1_247' title='bbox 805 1467 936 1518; x_wconf 69' lang='grc' dir='ltr'>ἕτεροι</span> <span class='ocrx_word' id='word_1_248' title='bbox 984 1462 1031 1505; x_wconf 73' lang='grc' dir='ltr'>δὲ</span> <span class='ocrx_word' id='word_1_249' title='bbox 1078 1460 1173 1511; x_wconf 83' lang='grc' dir='ltr'>τοὺς</span> <span class='ocrx_word' id='word_1_250' title='bbox 1201 1461 1418 1516; x_wconf 79' lang='grc' dir='ltr'><strong><em>Σατύρους</em></strong></span> <span class='ocrx_word' id='word_1_251' title='bbox 1447 1462 1487 1503; x_wconf 81' lang='lat' dir='ltr'>et</span> <span class='ocrx_word' id='word_1_252' title='bbox 1514 1461 1596 1505; x_wconf 82' lang='lat' dir='ltr'>sch.</span> <span class='ocrx_word' id='word_1_253' title='bbox 1626 1459 1679 1505; x_wconf 88' lang='lat' dir='ltr'>id.</span> <span class='ocrx_word' id='word_1_254' title='bbox 1711 1458 1807 1510; x_wconf 88' lang='lat' dir='ltr'>Vll,</span> <span class='ocrx_word' id='word_1_255' title='bbox 1839 1460 1891 1502; x_wconf 90' lang='grc'>72</span> <span class='ocrx_word' id='word_1_256' title='bbox 1934 1462 2148 1519; x_wconf 72' lang='grc' dir='ltr'>Ἧτύρους]</span> <span class='ocrx_word' id='word_1_257' title='bbox 2196 1464 2337 1521; x_wconf 78' lang='grc' dir='ltr'>ὄνομα</span> <span class='ocrx_word' id='word_1_258' title='bbox 2383 1467 2545 1523; x_wconf 73' lang='grc' dir='ltr'>κύριον.</span> 
     </span>
     <span class='ocr_line' id='line_1_20' title="bbox 111 1527 2551 1591; baseline 0 -13"><span class='ocrx_word' id='word_1_259' title='bbox 111 1539 219 1585; x_wconf 65' lang='grc' dir='ltr'>τινὲς</span> <span class='ocrx_word' id='word_1_260' title='bbox 246 1535 293 1577; x_wconf 72' lang='grc' dir='ltr'>δὲ</span> <span class='ocrx_word' id='word_1_261' title='bbox 321 1532 445 1588; x_wconf 80' lang='grc' dir='ltr'>παρὰ</span> <span class='ocrx_word' id='word_1_262' title='bbox 472 1534 680 1588; x_wconf 79' lang='grc' dir='ltr'>Δωριεῦσι</span> <span class='ocrx_word' id='word_1_263' title='bbox 709 1531 803 1582; x_wconf 81' lang='grc' dir='ltr'>τοὺς</span> <span class='ocrx_word' id='word_1_264' title='bbox 832 1530 1035 1585; x_wconf 80' lang='grc' dir='ltr'><strong><em>σατύρους</em></strong></span> <span class='ocrx_word' id='word_1_265' title='bbox 1065 1527 1363 1571; x_wconf 79' lang='grc' dir='ltr'>ἀποδεδώκασι</span> <span class='ocrx_word' id='word_1_266' title='bbox 1382 1529 1605 1582; x_wconf 70' lang='grc' dir='ltr'>λέγεσθαι,</span> <span class='ocrx_word' id='word_1_267' title='bbox 1635 1539 1734 1583; x_wconf 80' lang='lat' dir='ltr'>quae</span> <span class='ocrx_word' id='word_1_268' title='bbox 1761 1527 1802 1570; x_wconf 90' lang='lat' dir='ltr'>in</span> <span class='ocrx_word' id='word_1_269' title='bbox 1816 1528 1953 1574; x_wconf 87' lang='lat' dir='ltr'>scholl.</span> <span class='ocrx_word' id='word_1_270' title='bbox 1983 1529 2246 1575; x_wconf 69' lang='lat' dir='ltr'>Beruensibus</span> <span class='ocrx_word' id='word_1_271' title='bbox 2274 1532 2354 1586; x_wconf 87' lang='lat' dir='ltr'>(ed.</span> <span class='ocrx_word' id='word_1_272' title='bbox 2382 1533 2551 1591; x_wconf 76' lang='lat' dir='ltr'>Hagen)</span> 
     </span>
     <span class='ocr_line' id='line_1_21' title="bbox 113 1595 2193 1649; baseline -0.002 -6"><span class='ocrx_word' id='word_1_273' title='bbox 113 1603 166 1643; x_wconf 85' lang='lat' dir='ltr'>ad</span> <span class='ocrx_word' id='word_1_274' title='bbox 195 1602 266 1642; x_wconf 87' lang='lat' dir='ltr'>ecl.</span> <span class='ocrx_word' id='word_1_275' title='bbox 296 1601 333 1647; x_wconf 87' lang='grc' dir='ltr'>Ι,</span> <span class='ocrx_word' id='word_1_276' title='bbox 366 1603 387 1640; x_wconf 93' lang='grc'>1</span> <span class='ocrx_word' id='word_1_277' title='bbox 420 1604 514 1641; x_wconf 88' lang='lat' dir='ltr'>sunt</span> <span class='ocrx_word' id='word_1_278' title='bbox 542 1603 718 1639; x_wconf 78' lang='lat' dir='ltr'>servata:</span> <span class='ocrx_word' id='word_1_279' title='bbox 750 1598 925 1649; x_wconf 85' lang='lat' dir='ltr'>‚Tityrus</span> <span class='ocrx_word' id='word_1_280' title='bbox 954 1596 1059 1648; x_wconf 89' lang='lat' dir='ltr'>apud</span> <span class='ocrx_word' id='word_1_281' title='bbox 1088 1601 1239 1636; x_wconf 87' lang='lat' dir='ltr'>veteres</span> <span class='ocrx_word' id='word_1_282' title='bbox 1268 1595 1432 1636; x_wconf 82' lang='lat' dir='ltr'>Latinos</span> <span class='ocrx_word' id='word_1_283' title='bbox 1461 1600 1502 1636; x_wconf 90' lang='lat' dir='ltr'>et</span> <span class='ocrx_word' id='word_1_284' title='bbox 1531 1596 1703 1635; x_wconf 85' lang='lat' dir='ltr'>Graecos</span> <span class='ocrx_word' id='word_1_285' title='bbox 1731 1596 1975 1648; x_wconf 81' lang='lat' dir='ltr'>intellegitur</span> <span class='ocrx_word' id='word_1_286' title='bbox 2003 1597 2193 1649; x_wconf 83' lang='lat' dir='ltr'>Satyrus‘.</span> 
     </span>
    </p>
   </div>
   <div class='ocr_carea' id='block_1_3' title="bbox 108 1673 2579 2407">
    <p class='ocr_par' dir='ltr' id='par_1_5' title="bbox 108 1673 2579 2407">
     <span class='ocr_line' id='line_1_22' title="bbox 311 1673 2549 1732; baseline 0 -11"><span class='ocrx_word' id='word_1_287' title='bbox 311 1678 451 1732; x_wconf 86' lang='lat' dir='ltr'>Neque</span> <span class='ocrx_word' id='word_1_288' title='bbox 479 1677 639 1721; x_wconf 82' lang='lat' dir='ltr'>aliunde</span> <span class='ocrx_word' id='word_1_289' title='bbox 669 1690 739 1720; x_wconf 91' lang='lat' dir='ltr'>cur</span> <span class='ocrx_word' id='word_1_290' title='bbox 768 1690 814 1719; x_wconf 86' lang='lat' dir='ltr'>ea</span> <span class='ocrx_word' id='word_1_291' title='bbox 848 1688 957 1730; x_wconf 84' lang='lat' dir='ltr'>carm</span> <span class='ocrx_word' id='word_1_292' title='bbox 966 1674 1033 1716; x_wconf 88' lang='lat' dir='ltr'>ina</span> <span class='ocrx_word' id='word_1_293' title='bbox 1086 1673 1341 1727; x_wconf 87' lang='lat' dir='ltr'>potissimum</span> <span class='ocrx_word' id='word_1_294' title='bbox 1390 1673 1570 1716; x_wconf 85' lang='lat' dir='ltr'>bucolica</span> <span class='ocrx_word' id='word_1_295' title='bbox 1614 1674 1723 1716; x_wconf 83' lang='lat' dir='ltr'>dicta</span> <span class='ocrx_word' id='word_1_296' title='bbox 1750 1674 1843 1722; x_wconf 86' lang='lat' dir='ltr'>sint.</span> <span class='ocrx_word' id='word_1_297' title='bbox 1884 1688 1973 1716; x_wconf 90' lang='lat' dir='ltr'>cum</span> <span class='ocrx_word' id='word_1_298' title='bbox 2004 1678 2044 1717; x_wconf 91' lang='lat' dir='ltr'>et</span> <span class='ocrx_word' id='word_1_299' title='bbox 2071 1678 2239 1729; x_wconf 86' lang='lat' dir='ltr'>caprarii</span> <span class='ocrx_word' id='word_1_300' title='bbox 2282 1681 2322 1719; x_wconf 85' lang='lat' dir='ltr'>et</span> <span class='ocrx_word' id='word_1_301' title='bbox 2356 1679 2549 1731; x_wconf 87' lang='lat' dir='ltr'>opiliones</span> 
     </span>
     <span class='ocr_line' id='line_1_23' title="bbox 108 1739 2551 1807; baseline 0.001 -18"><span class='ocrx_word' id='word_1_302' title='bbox 108 1747 266 1807; x_wconf 80' lang='lat' dir='ltr'>praeter</span> <span class='ocrx_word' id='word_1_303' title='bbox 294 1746 486 1788; x_wconf 87' lang='lat' dir='ltr'>bubulcos</span> <span class='ocrx_word' id='word_1_304' title='bbox 517 1745 727 1799; x_wconf 87' lang='lat' dir='ltr'>loquentes</span> <span class='ocrx_word' id='word_1_305' title='bbox 755 1742 920 1785; x_wconf 86' lang='lat' dir='ltr'>inducat</span> <span class='ocrx_word' id='word_1_306' title='bbox 958 1744 1089 1797; x_wconf 83' lang='lat' dir='ltr'>poeta,</span> <span class='ocrx_word' id='word_1_307' title='bbox 1139 1739 1190 1782; x_wconf 90' lang='lat' dir='ltr'>de</span> <span class='ocrx_word' id='word_1_308' title='bbox 1218 1752 1294 1795; x_wconf 87' lang='lat' dir='ltr'>qua</span> <span class='ocrx_word' id='word_1_309' title='bbox 1322 1752 1364 1782; x_wconf 86' lang='lat' dir='ltr'>re</span> <span class='ocrx_word' id='word_1_310' title='bbox 1395 1739 1576 1783; x_wconf 75' lang='lat' dir='ltr'>Donatus</span> <span class='ocrx_word' id='word_1_311' title='bbox 1606 1743 1662 1796; x_wconf 88' lang='lat' dir='ltr'>(p.</span> <span class='ocrx_word' id='word_1_312' title='bbox 1694 1740 1774 1783; x_wconf 84' lang='lat'>741</span> <span class='ocrx_word' id='word_1_313' title='bbox 1806 1739 1846 1782; x_wconf 91' lang='grc' dir='ltr'><em>Η</em></span> <span class='ocrx_word' id='word_1_314' title='bbox 1862 1741 1894 1796; x_wconf 81' lang='lat'>):</span> <span class='ocrx_word' id='word_1_315' title='bbox 1939 1741 2137 1790; x_wconf 82' lang='lat' dir='ltr'>,Bucolica</span> <span class='ocrx_word' id='word_1_316' title='bbox 2169 1747 2303 1787; x_wconf 88' lang='lat' dir='ltr'>autem</span> <span class='ocrx_word' id='word_1_317' title='bbox 2333 1747 2374 1788; x_wconf 90' lang='lat' dir='ltr'>et</span> <span class='ocrx_word' id='word_1_318' title='bbox 2401 1744 2480 1790; x_wconf 90' lang='lat' dir='ltr'>dici</span> <span class='ocrx_word' id='word_1_319' title='bbox 2508 1754 2551 1792; x_wconf 89' lang='lat' dir='ltr'>et</span> 
     </span>
     <span class='ocr_line' id='line_1_24' title="bbox 110 1807 2547 1867; baseline 0 -11"><span class='ocrx_word' id='word_1_320' title='bbox 110 1817 214 1857; x_wconf 86' lang='lat' dir='ltr'>recte</span> <span class='ocrx_word' id='word_1_321' title='bbox 243 1814 371 1867; x_wconf 88' lang='lat' dir='ltr'>(dici),</span> <span class='ocrx_word' id='word_1_322' title='bbox 401 1814 464 1854; x_wconf 86' lang='lat' dir='ltr'>vel</span> <span class='ocrx_word' id='word_1_323' title='bbox 477 1814 552 1854; x_wconf 91' lang='lat' dir='ltr'>hoc</span> <span class='ocrx_word' id='word_1_324' title='bbox 579 1812 725 1854; x_wconf 90' lang='lat' dir='ltr'>indicio</span> <span class='ocrx_word' id='word_1_325' title='bbox 754 1812 948 1865; x_wconf 82' lang='lat' dir='ltr'>probasse</span> <span class='ocrx_word' id='word_1_326' title='bbox 974 1810 1201 1858; x_wconf 85' lang='lat' dir='ltr'>suffecerat,</span> <span class='ocrx_word' id='word_1_327' title='bbox 1230 1809 1335 1862; x_wconf 91' lang='lat' dir='ltr'>quod</span> <span class='ocrx_word' id='word_1_328' title='bbox 1353 1807 1495 1850; x_wconf 87' lang='lat' dir='ltr'>eodem</span> <span class='ocrx_word' id='word_1_329' title='bbox 1523 1808 1684 1850; x_wconf 91' lang='lat' dir='ltr'>nomine</span> <span class='ocrx_word' id='word_1_330' title='bbox 1711 1809 1817 1862; x_wconf 87' lang='lat' dir='ltr'>apud</span> <span class='ocrx_word' id='word_1_331' title='bbox 1843 1809 2096 1851; x_wconf 83' lang='lat' dir='ltr'>Theocritum</span> <span class='ocrx_word' id='word_1_332' title='bbox 2124 1813 2377 1863; x_wconf 81' lang='lat' dir='ltr'>censeantur3</span> <span class='ocrx_word' id='word_1_333' title='bbox 2407 1825 2547 1857; x_wconf 87' lang='lat' dir='ltr'>verum</span> 
     </span>
     <span class='ocr_line' id='line_1_25' title="bbox 111 1875 2550 1935; baseline 0.002 -11"><span class='ocrx_word' id='word_1_334' title='bbox 111 1882 212 1925; x_wconf 88' lang='lat' dir='ltr'>ratio</span> <span class='ocrx_word' id='word_1_335' title='bbox 242 1894 398 1935; x_wconf 89' lang='lat' dir='ltr'>quoque</span> <span class='ocrx_word' id='word_1_336' title='bbox 427 1879 686 1923; x_wconf 85' lang='lat' dir='ltr'>monstranda</span> <span class='ocrx_word' id='word_1_337' title='bbox 733 1881 806 1921; x_wconf 86' lang='lat' dir='ltr'>est.</span> <span class='ocrx_word' id='word_1_338' title='bbox 850 1877 945 1920; x_wconf 87' lang='lat' dir='ltr'>Tria</span> <span class='ocrx_word' id='word_1_339' title='bbox 980 1890 1124 1930; x_wconf 84' lang='lat' dir='ltr'>genera</span> <span class='ocrx_word' id='word_1_340' title='bbox 1152 1880 1356 1930; x_wconf 86' lang='lat' dir='ltr'>pastorum</span> <span class='ocrx_word' id='word_1_341' title='bbox 1401 1879 1509 1924; x_wconf 85' lang='lat' dir='ltr'>sunt.</span> <span class='ocrx_word' id='word_1_342' title='bbox 1539 1889 1639 1929; x_wconf 80' lang='lat' dir='ltr'>quae</span> <span class='ocrx_word' id='word_1_343' title='bbox 1668 1875 1905 1930; x_wconf 78' lang='lat' dir='ltr'>dignitatem</span> <span class='ocrx_word' id='word_1_344' title='bbox 1949 1877 1990 1918; x_wconf 90' lang='lat' dir='ltr'>in</span> <span class='ocrx_word' id='word_1_345' title='bbox 2041 1878 2230 1921; x_wconf 85' lang='lat' dir='ltr'>bucolicis</span> <span class='ocrx_word' id='word_1_346' title='bbox 2276 1881 2422 1923; x_wconf 86' lang='lat' dir='ltr'>habent</span> <span class='ocrx_word' id='word_1_347' title='bbox 2451 1914 2462 1926; x_wconf 92' lang='lat'>.</span> <span class='ocrx_word' id='word_1_348' title='bbox 2494 1915 2506 1926; x_wconf 89' lang='lat'><strong>.</strong></span> <span class='ocrx_word' id='word_1_349' title='bbox 2536 1916 2550 1928; x_wconf 88' lang='lat'><strong><em>.</em></strong></span> 
     </span>
     <span class='ocr_line' id='line_1_26' title="bbox 109 1942 2579 2003; baseline 0 -10"><span class='ocrx_word' id='word_1_350' title='bbox 109 1948 410 1993; x_wconf 84' lang='lat' dir='ltr'>honoratissimi</span> <span class='ocrx_word' id='word_1_351' title='bbox 438 1952 478 1991; x_wconf 90' lang='lat' dir='ltr'>et</span> <span class='ocrx_word' id='word_1_352' title='bbox 506 1947 686 1998; x_wconf 82' lang='lat' dir='ltr'>maximi,</span> <span class='ocrx_word' id='word_1_353' title='bbox 718 1946 785 2001; x_wconf 89' lang='lat' dir='ltr'>qui</span> <span class='ocrx_word' id='word_1_354' title='bbox 813 1947 1032 2002; x_wconf 77' lang='grc' dir='ltr'>βουκόλοι,</span> <span class='ocrx_word' id='word_1_355' title='bbox 1080 1957 1179 1999; x_wconf 89' lang='lat' dir='ltr'>quos</span> <span class='ocrx_word' id='word_1_356' title='bbox 1227 1944 1417 1986; x_wconf 88' lang='lat' dir='ltr'>bubulcos</span> <span class='ocrx_word' id='word_1_357' title='bbox 1461 1942 1644 1989; x_wconf 80' lang='lat' dir='ltr'>dicimus.</span> <span class='ocrx_word' id='word_1_358' title='bbox 1702 1943 1816 1987; x_wconf 83' lang='lat' dir='ltr'>Unde</span> <span class='ocrx_word' id='word_1_359' title='bbox 1857 1943 1980 1998; x_wconf 86' lang='lat' dir='ltr'>igitur</span> <span class='ocrx_word' id='word_1_360' title='bbox 2027 1945 2160 2000; x_wconf 84' lang='lat' dir='ltr'>magis</span> <span class='ocrx_word' id='word_1_361' title='bbox 2196 1946 2327 1990; x_wconf 84' lang='lat' dir='ltr'>decuit</span> <span class='ocrx_word' id='word_1_362' title='bbox 2354 1951 2579 2003; x_wconf 82' lang='lat' dir='ltr'>pastorali‘</span> 
     </span>
     <span class='ocr_line' id='line_1_27' title="bbox 111 2011 2550 2070; baseline 0 -10"><span class='ocrx_word' id='word_1_363' title='bbox 111 2017 278 2061; x_wconf 86' lang='lat' dir='ltr'>carmini</span> <span class='ocrx_word' id='word_1_364' title='bbox 306 2029 454 2060; x_wconf 90' lang='lat' dir='ltr'>nomen</span> <span class='ocrx_word' id='word_1_365' title='bbox 481 2015 634 2070; x_wconf 90' lang='lat' dir='ltr'>imponi</span> <span class='ocrx_word' id='word_1_366' title='bbox 663 2014 740 2057; x_wconf 82' lang='lat' dir='ltr'>nisi</span> <span class='ocrx_word' id='word_1_367' title='bbox 767 2015 818 2056; x_wconf 88' lang='lat' dir='ltr'>ab</span> <span class='ocrx_word' id='word_1_368' title='bbox 848 2027 892 2057; x_wconf 91' lang='lat' dir='ltr'>eo</span> <span class='ocrx_word' id='word_1_369' title='bbox 926 2014 1065 2069; x_wconf 87' lang='lat' dir='ltr'>gradu,</span> <span class='ocrx_word' id='word_1_370' title='bbox 1097 2012 1164 2067; x_wconf 90' lang='lat' dir='ltr'>qui</span> <span class='ocrx_word' id='word_1_371' title='bbox 1191 2012 1270 2055; x_wconf 81' lang='lat' dir='ltr'>fere</span> <span class='ocrx_word' id='word_1_372' title='bbox 1297 2011 1402 2066; x_wconf 85' lang='lat' dir='ltr'>apud</span> <span class='ocrx_word' id='word_1_373' title='bbox 1430 2014 1612 2066; x_wconf 87' lang='lat' dir='ltr'>pastores</span> <span class='ocrx_word' id='word_1_374' title='bbox 1641 2011 1995 2055; x_wconf 85' lang='lat' dir='ltr'>excellentissimus</span> <span class='ocrx_word' id='word_1_375' title='bbox 2033 2013 2274 2057; x_wconf 54' lang='lat' dir='ltr'>invenitur?</span> <span class='ocrx_word' id='word_1_376' title='bbox 2322 2019 2361 2059; x_wconf 89' lang='lat' dir='ltr'>et</span> <span class='ocrx_word' id='word_1_377' title='bbox 2388 2016 2550 2061; x_wconf 85' lang='lat' dir='ltr'>Servius</span> 
     </span>
     <span class='ocr_line' id='line_1_28' title="bbox 112 2079 2552 2141; baseline 0 -14"><span class='ocrx_word' id='word_1_378' title='bbox 112 2086 235 2141; x_wconf 80' lang='lat' dir='ltr'>praef.</span> <span class='ocrx_word' id='word_1_379' title='bbox 262 2098 302 2139; x_wconf 89' lang='lat' dir='ltr'>p.</span> <span class='ocrx_word' id='word_1_380' title='bbox 334 2085 354 2126; x_wconf 94' lang='lat'>1</span> <span class='ocrx_word' id='word_1_381' title='bbox 390 2083 594 2134; x_wconf 85' lang='lat' dir='ltr'>‚bucolica,</span> <span class='ocrx_word' id='word_1_382' title='bbox 625 2085 670 2125; x_wconf 87' lang='lat' dir='ltr'>ut</span> <span class='ocrx_word' id='word_1_383' title='bbox 699 2083 844 2132; x_wconf 81' lang='lat' dir='ltr'>ferunt,</span> <span class='ocrx_word' id='word_1_384' title='bbox 873 2081 981 2124; x_wconf 84' lang='lat' dir='ltr'>dicta</span> <span class='ocrx_word' id='word_1_385' title='bbox 1022 2083 1116 2123; x_wconf 87' lang='lat' dir='ltr'>sunt</span> <span class='ocrx_word' id='word_1_386' title='bbox 1155 2094 1179 2122; x_wconf 90' lang='lat' dir='ltr'>a</span> <span class='ocrx_word' id='word_1_387' title='bbox 1223 2079 1449 2122; x_wconf 82' lang='lat' dir='ltr'>custodibus</span> <span class='ocrx_word' id='word_1_388' title='bbox 1494 2080 1628 2129; x_wconf 81' lang='lat' dir='ltr'>boum,</span> <span class='ocrx_word' id='word_1_389' title='bbox 1672 2079 1712 2121; x_wconf 90' lang='lat' dir='ltr'>id</span> <span class='ocrx_word' id='word_1_390' title='bbox 1742 2083 1803 2123; x_wconf 84' lang='lat' dir='ltr'>est</span> <span class='ocrx_word' id='word_1_391' title='bbox 1831 2080 1920 2124; x_wconf 83' lang='grc' dir='ltr'>ἀπὸ</span> <span class='ocrx_word' id='word_1_392' title='bbox 1948 2082 2031 2124; x_wconf 83' lang='grc' dir='ltr'>τῶν</span> <span class='ocrx_word' id='word_1_393' title='bbox 2059 2083 2299 2135; x_wconf 78' lang='grc' dir='ltr'>βουκόλων,·</span> <span class='ocrx_word' id='word_1_394' title='bbox 2342 2086 2552 2140; x_wconf 80' lang='lat' dir='ltr'>praecipua</span> 
     </span>
     <span class='ocr_line' id='line_1_29' title="bbox 115 2146 2553 2209; baseline 0 -15"><span class='ocrx_word' id='word_1_395' title='bbox 115 2151 221 2195; x_wconf 87' lang='lat' dir='ltr'>enim</span> <span class='ocrx_word' id='word_1_396' title='bbox 251 2153 345 2193; x_wconf 87' lang='lat' dir='ltr'>sunt</span> <span class='ocrx_word' id='word_1_397' title='bbox 372 2149 567 2192; x_wconf 85' lang='lat' dir='ltr'>animalia</span> <span class='ocrx_word' id='word_1_398' title='bbox 595 2148 701 2204; x_wconf 87' lang='lat' dir='ltr'>apud</span> <span class='ocrx_word' id='word_1_399' title='bbox 749 2148 919 2191; x_wconf 88' lang='lat' dir='ltr'>rusticos</span> <span class='ocrx_word' id='word_1_400' title='bbox 962 2150 1092 2190; x_wconf 85' lang='lat' dir='ltr'>boves‘</span> <span class='ocrx_word' id='word_1_401' title='bbox 1142 2146 1251 2196; x_wconf 89' lang='lat' dir='ltr'>dicit,</span> <span class='ocrx_word' id='word_1_402' title='bbox 1281 2150 1485 2201; x_wconf 86' lang='lat' dir='ltr'>sumptum</span> <span class='ocrx_word' id='word_1_403' title='bbox 1516 2159 1601 2188; x_wconf 85' lang='lat' dir='ltr'>esse</span> <span class='ocrx_word' id='word_1_404' title='bbox 1628 2149 1793 2202; x_wconf 80' lang='lat' dir='ltr'>apparet</span> <span class='ocrx_word' id='word_1_405' title='bbox 1821 2159 1868 2188; x_wconf 81' lang='lat' dir='ltr'>ex</span> <span class='ocrx_word' id='word_1_406' title='bbox 1898 2148 2071 2202; x_wconf 84' lang='lat' dir='ltr'>prolegg.</span> <span class='ocrx_word' id='word_1_407' title='bbox 2101 2150 2239 2194; x_wconf 79' lang='lat' dir='ltr'>scholl.</span> <span class='ocrx_word' id='word_1_408' title='bbox 2280 2151 2479 2199; x_wconf 62' lang='lat' dir='ltr'>Theocrit2</span> <span class='ocrx_word' id='word_1_409' title='bbox 2508 2167 2553 2209; x_wconf 83' lang='lat' dir='ltr'>p.</span> 
     </span>
     <span class='ocr_line' id='line_1_30' title="bbox 115 2215 2543 2272; baseline 0.001 -11"><span class='ocrx_word' id='word_1_410' title='bbox 115 2221 145 2261; x_wconf 79' lang='lat'>2</span> <span class='ocrx_word' id='word_1_411' title='bbox 170 2220 213 2264; x_wconf 92' lang='grc' dir='ltr'>Ζ.</span> <span class='ocrx_word' id='word_1_412' title='bbox 252 2219 310 2261; x_wconf 79' lang='grc' dir='ltr'>Τὰ</span> <span class='ocrx_word' id='word_1_413' title='bbox 342 2219 390 2260; x_wconf 73' lang='grc' dir='ltr'>δὲ</span> <span class='ocrx_word' id='word_1_414' title='bbox 416 2218 644 2269; x_wconf 77' lang='grc' dir='ltr'>βουκολικὰ</span> <span class='ocrx_word' id='word_1_415' title='bbox 692 2219 771 2271; x_wconf 53' lang='grc' dir='ltr'>ἔχει</span> <span class='ocrx_word' id='word_1_416' title='bbox 816 2217 1034 2272; x_wconf 82' lang='grc' dir='ltr'>διαφορὰν</span> <span class='ocrx_word' id='word_1_417' title='bbox 1074 2219 1142 2271; x_wconf 74' lang='grc' dir='ltr'>τῆς</span> <span class='ocrx_word' id='word_1_418' title='bbox 1190 2219 1271 2258; x_wconf 83' lang='grc' dir='ltr'>τῶν</span> <span class='ocrx_word' id='word_1_419' title='bbox 1307 2216 1553 2270; x_wconf 82' lang='grc' dir='ltr'>ποιημάτων</span> <span class='ocrx_word' id='word_1_420' title='bbox 1600 2215 1838 2270; x_wconf 78' lang='grc' dir='ltr'>ἐπιγραφῆς</span> <span class='ocrx_word' id='word_1_421' title='bbox 1868 2247 1878 2257; x_wconf 88' lang='grc'><strong>.</strong></span> <span class='ocrx_word' id='word_1_422' title='bbox 1909 2221 1980 2258; x_wconf 78' lang='grc' dir='ltr'>καὶ</span> <span class='ocrx_word' id='word_1_423' title='bbox 2009 2218 2090 2271; x_wconf 82' lang='grc' dir='ltr'>γὰρ</span> <span class='ocrx_word' id='word_1_424' title='bbox 2120 2219 2326 2261; x_wconf 78' lang='grc' dir='ltr'>αἷπολικοὶ</span> <span class='ocrx_word' id='word_1_425' title='bbox 2354 2220 2437 2263; x_wconf 74' lang='grc' dir='ltr'>ἔστι</span> <span class='ocrx_word' id='word_1_426' title='bbox 2468 2226 2543 2264; x_wconf 72' lang='grc' dir='ltr'>καὶ</span> 
     </span>
     <span class='ocr_line' id='line_1_31' title="bbox 114 2282 2540 2343; baseline 0.002 -15"><span class='ocrx_word' id='word_1_427' title='bbox 114 2288 252 2343; x_wconf 67' lang='lat' dir='ltr'>ponci.</span> <span class='ocrx_word' id='word_1_428' title='bbox 282 2286 353 2342; x_wconf 79' lang='grc' dir='ltr'>τὴν</span> <span class='ocrx_word' id='word_1_429' title='bbox 379 2289 521 2340; x_wconf 79' lang='grc' dir='ltr'>μέντοι</span> <span class='ocrx_word' id='word_1_430' title='bbox 550 2284 639 2328; x_wconf 75' lang='grc' dir='ltr'>ἀπὸ</span> <span class='ocrx_word' id='word_1_431' title='bbox 669 2288 752 2326; x_wconf 85' lang='grc' dir='ltr'>τῶν</span> <span class='ocrx_word' id='word_1_432' title='bbox 780 2285 897 2335; x_wconf 80' lang='grc' dir='ltr'>βοῶν</span> <span class='ocrx_word' id='word_1_433' title='bbox 926 2285 1096 2340; x_wconf 79' lang='grc' dir='ltr'><em>εἴληφεν</em></span> <span class='ocrx_word' id='word_1_434' title='bbox 1140 2284 1378 2339; x_wconf 76' lang='grc' dir='ltr'>ἐπιγραφὴν</span> <span class='ocrx_word' id='word_1_435' title='bbox 1407 2282 1462 2332; x_wconf 80' lang='grc' dir='ltr'>ὡς</span> <span class='ocrx_word' id='word_1_436' title='bbox 1504 2283 1836 2337; x_wconf 73' lang='grc' dir='ltr'>κρατιστεύοντος</span> <span class='ocrx_word' id='word_1_437' title='bbox 1866 2287 1937 2325; x_wconf 72' lang='grc' dir='ltr'>τοῦ</span> <span class='ocrx_word' id='word_1_438' title='bbox 1965 2284 2084 2340; x_wconf 73' lang='grc' dir='ltr'>ζῴου.</span> <span class='ocrx_word' id='word_1_439' title='bbox 2116 2286 2183 2328; x_wconf 82' lang='grc' dir='ltr'>διὸ</span> <span class='ocrx_word' id='word_1_440' title='bbox 2212 2292 2282 2328; x_wconf 78' lang='grc' dir='ltr'>καὶ</span> <span class='ocrx_word' id='word_1_441' title='bbox 2311 2290 2540 2340; x_wconf 77' lang='grc' dir='ltr'>βουκολικᾶ</span> 
     </span>
     <span class='ocr_line' id='line_1_32' title="bbox 115 2355 496 2407; baseline -0.008 -10"><span class='ocrx_word' id='word_1_442' title='bbox 115 2355 310 2407; x_wconf 73' lang='grc' dir='ltr'>λέγονται</span> <span class='ocrx_word' id='word_1_443' title='bbox 341 2355 496 2396; x_wconf 78' lang='grc' dir='ltr'>πάντα.</span> 
     </span>
    </p>
   </div>
   <div class='ocr_carea' id='block_1_4' title="bbox 118 2426 2549 2549">
    <p class='ocr_par' dir='ltr' id='par_1_6' title="bbox 118 2426 2549 2549">
     <span class='ocr_line' id='line_1_33' title="bbox 320 2426 2549 2487; baseline 0.001 -14"><span class='ocrx_word' id='word_1_444' title='bbox 320 2431 574 2483; x_wconf 82' lang='lat' dir='ltr'>Quamquam</span> <span class='ocrx_word' id='word_1_445' title='bbox 624 2430 757 2472; x_wconf 84' lang='lat' dir='ltr'>autem</span> <span class='ocrx_word' id='word_1_446' title='bbox 800 2428 933 2470; x_wconf 82' lang='lat' dir='ltr'>omnia</span> <span class='ocrx_word' id='word_1_447' title='bbox 975 2428 1059 2470; x_wconf 86' lang='lat' dir='ltr'>eius</span> <span class='ocrx_word' id='word_1_448' title='bbox 1088 2428 1243 2480; x_wconf 87' lang='lat' dir='ltr'>generis</span> <span class='ocrx_word' id='word_1_449' title='bbox 1274 2428 1450 2469; x_wconf 69' lang='lat' dir='ltr'>carmina</span> <span class='ocrx_word' id='word_1_450' title='bbox 1482 2426 1752 2468; x_wconf 88' lang='lat' dir='ltr'>bucolicorum</span> <span class='ocrx_word' id='word_1_451' title='bbox 1781 2428 1941 2469; x_wconf 86' lang='lat' dir='ltr'>nomine</span> <span class='ocrx_word' id='word_1_452' title='bbox 1971 2429 2030 2469; x_wconf 89' lang='lat' dir='ltr'>vel</span> <span class='ocrx_word' id='word_1_453' title='bbox 2059 2443 2082 2469; x_wconf 88' lang='lat' dir='ltr'>a</span> <span class='ocrx_word' id='word_1_454' title='bbox 2110 2430 2317 2474; x_wconf 84' lang='lat' dir='ltr'>Theocrito</span> <span class='ocrx_word' id='word_1_455' title='bbox 2349 2435 2549 2487; x_wconf 85' lang='lat' dir='ltr'>appellata</span> 
     </span>
     <span class='ocr_line' id='line_1_34' title="bbox 118 2492 2099 2549; baseline -0.002 -7"><span class='ocrx_word' id='word_1_456' title='bbox 118 2500 229 2541; x_wconf 78' lang='lat' dir='ltr'>erant</span> <span class='ocrx_word' id='word_1_457' title='bbox 258 2498 319 2541; x_wconf 85' lang='lat' dir='ltr'>vel</span> <span class='ocrx_word' id='word_1_458' title='bbox 348 2500 399 2541; x_wconf 87' lang='lat' dir='ltr'>ab</span> <span class='ocrx_word' id='word_1_459' title='bbox 430 2496 514 2540; x_wconf 87' lang='lat' dir='ltr'>eius</span> <span class='ocrx_word' id='word_1_460' title='bbox 547 2494 778 2545; x_wconf 87' lang='lat' dir='ltr'>editoribus,</span> <span class='ocrx_word' id='word_1_461' title='bbox 809 2494 913 2549; x_wconf 90' lang='lat' dir='ltr'>quod</span> <span class='ocrx_word' id='word_1_462' title='bbox 942 2493 1142 2538; x_wconf 86' lang='lat' dir='ltr'>distichon</span> <span class='ocrx_word' id='word_1_463' title='bbox 1171 2494 1269 2537; x_wconf 88' lang='lat' dir='ltr'>illud</span> <span class='ocrx_word' id='word_1_464' title='bbox 1298 2493 1525 2538; x_wconf 86' lang='lat' dir='ltr'>collectioni</span> <span class='ocrx_word' id='word_1_465' title='bbox 1554 2492 1820 2547; x_wconf 85' lang='lat' dir='ltr'>praemissum</span> <span class='ocrx_word' id='word_1_466' title='bbox 1851 2493 2099 2538; x_wconf 85' lang='lat' dir='ltr'>demonstrat</span> 
     </span>
    </p>
   </div>
   <div class='ocr_carea' id='block_1_5' title="bbox 119 2572 2562 2992">
    <p class='ocr_par' dir='ltr' id='par_1_7' title="bbox 119 2572 2562 2992">
     <span class='ocr_line' id='line_1_35' title="bbox 690 2572 1978 2630; baseline 0.001 -12"><span class='ocrx_word' id='word_1_467' title='bbox 690 2576 948 2620; x_wconf 73' lang='grc' dir='ltr'>Βουκολικαὶ</span> <span class='ocrx_word' id='word_1_468' title='bbox 978 2579 1143 2620; x_wconf 74' lang='grc' dir='ltr'>Μοῖσαι</span> <span class='ocrx_word' id='word_1_469' title='bbox 1172 2575 1381 2630; x_wconf 82' lang='grc' dir='ltr'>σποράδες</span> <span class='ocrx_word' id='word_1_470' title='bbox 1410 2574 1539 2624; x_wconf 73' lang='grc' dir='ltr'>ποκά,</span> <span class='ocrx_word' id='word_1_471' title='bbox 1570 2575 1648 2617; x_wconf 85' lang='grc' dir='ltr'>νῦν</span> <span class='ocrx_word' id='word_1_472' title='bbox 1677 2572 1751 2616; x_wconf 70' lang='grc' dir='ltr'>δ’</span> <span class='ocrx_word' id='word_1_473' title='bbox 1723 2591 1814 2628; x_wconf 87' lang='grc' dir='ltr'>αμα</span> <span class='ocrx_word' id='word_1_474' title='bbox 1844 2577 1978 2619; x_wconf 83' lang='grc' dir='ltr'>πᾶσαι</span> 
     </span>
     <span class='ocr_line' id='line_1_36' title="bbox 878 2649 1779 2709; baseline -0.001 -14"><span class='ocrx_word' id='word_1_475' title='bbox 878 2653 964 2696; x_wconf 77' lang='grc' dir='ltr'>ἐντὶ</span> <span class='ocrx_word' id='word_1_476' title='bbox 991 2654 1093 2709; x_wconf 84' lang='grc' dir='ltr'>μιᾶς</span> <span class='ocrx_word' id='word_1_477' title='bbox 1120 2652 1332 2709; x_wconf 78' lang='grc' dir='ltr'>μανδρας,</span> <span class='ocrx_word' id='word_1_478' title='bbox 1363 2652 1449 2695; x_wconf 72' lang='grc' dir='ltr'>ἐντὶ</span> <span class='ocrx_word' id='word_1_479' title='bbox 1477 2651 1578 2707; x_wconf 83' lang='grc' dir='ltr'>μιᾶς</span> <span class='ocrx_word' id='word_1_480' title='bbox 1608 2649 1779 2702; x_wconf 79' lang='grc' dir='ltr'>ἀγέλας,</span> 
     </span>
     <span class='ocr_line' id='line_1_37' title="bbox 119 2729 2554 2784; baseline 0.003 -11"><span class='ocrx_word' id='word_1_481' title='bbox 119 2735 252 2774; x_wconf 84' lang='lat' dir='ltr'>tamen</span> <span class='ocrx_word' id='word_1_482' title='bbox 282 2732 456 2773; x_wconf 80' lang='lat' dir='ltr'>carmina</span> <span class='ocrx_word' id='word_1_483' title='bbox 485 2743 574 2774; x_wconf 87' lang='lat' dir='ltr'>vere</span> <span class='ocrx_word' id='word_1_484' title='bbox 624 2731 801 2774; x_wconf 79' lang='lat' dir='ltr'>bucolica</span> <span class='ocrx_word' id='word_1_485' title='bbox 850 2731 982 2774; x_wconf 82' lang='lat' dir='ltr'>decem</span> <span class='ocrx_word' id='word_1_486' title='bbox 1027 2730 1227 2775; x_wconf 89' lang='lat' dir='ltr'>Theocriti</span> <span class='ocrx_word' id='word_1_487' title='bbox 1275 2734 1429 2774; x_wconf 85' lang='lat' dir='ltr'>exstare</span> <span class='ocrx_word' id='word_1_488' title='bbox 1476 2743 1501 2772; x_wconf 89' lang='lat' dir='ltr'>a</span> <span class='ocrx_word' id='word_1_489' title='bbox 1528 2729 1802 2784; x_wconf 83' lang='lat' dir='ltr'>grammaticis</span> <span class='ocrx_word' id='word_1_490' title='bbox 1845 2731 2096 2774; x_wconf 85' lang='lat' dir='ltr'>observatum</span> <span class='ocrx_word' id='word_1_491' title='bbox 2128 2744 2212 2776; x_wconf 89' lang='lat' dir='ltr'>esse</span> <span class='ocrx_word' id='word_1_492' title='bbox 2250 2736 2289 2777; x_wconf 82' lang='lat' dir='ltr'>et</span> <span class='ocrx_word' id='word_1_493' title='bbox 2318 2736 2477 2778; x_wconf 88' lang='lat' dir='ltr'>constat</span> <span class='ocrx_word' id='word_1_494' title='bbox 2505 2748 2554 2780; x_wconf 84' lang='lat' dir='ltr'>ex</span> 
     </span>
     <span class='ocr_line' id='line_1_38' title="bbox 121 2799 2552 2858; baseline 0.002 -17"><span class='ocrx_word' id='word_1_495' title='bbox 121 2799 247 2841; x_wconf 86' lang='lat' dir='ltr'>Servii</span> <span class='ocrx_word' id='word_1_496' title='bbox 284 2800 536 2841; x_wconf 83' lang='lat' dir='ltr'>adnotatione</span> <span class='ocrx_word' id='word_1_497' title='bbox 582 2801 705 2854; x_wconf 85' lang='lat' dir='ltr'>praef.</span> <span class='ocrx_word' id='word_1_498' title='bbox 737 2801 824 2841; x_wconf 90' lang='lat' dir='ltr'>buc.</span> <span class='ocrx_word' id='word_1_499' title='bbox 854 2813 893 2854; x_wconf 88' lang='lat' dir='ltr'>p.</span> <span class='ocrx_word' id='word_1_500' title='bbox 925 2802 964 2850; x_wconf 85' lang='lat'>3,</span> <span class='ocrx_word' id='word_1_501' title='bbox 995 2802 1051 2840; x_wconf 82' lang='lat'>20</span> <span class='ocrx_word' id='word_1_502' title='bbox 1079 2800 1152 2843; x_wconf 89' lang='lat' dir='ltr'>Th.</span> <span class='ocrx_word' id='word_1_503' title='bbox 1183 2811 1290 2850; x_wconf 86' lang='lat' dir='ltr'>‚sane</span> <span class='ocrx_word' id='word_1_504' title='bbox 1328 2799 1534 2841; x_wconf 79' lang='lat' dir='ltr'>sciendum</span> <span class='ocrx_word' id='word_1_505' title='bbox 1577 2801 1727 2852; x_wconf 88' lang='lat' dir='ltr'>septem</span> <span class='ocrx_word' id='word_1_506' title='bbox 1757 2799 1912 2853; x_wconf 81' lang='lat' dir='ltr'>eclogas</span> <span class='ocrx_word' id='word_1_507' title='bbox 1959 2812 2044 2841; x_wconf 89' lang='lat' dir='ltr'>esse</span> <span class='ocrx_word' id='word_1_508' title='bbox 2071 2813 2202 2842; x_wconf 83' lang='lat' dir='ltr'>meras</span> <span class='ocrx_word' id='word_1_509' title='bbox 2238 2802 2421 2852; x_wconf 52' lang='lat' dir='ltr'>medeae,</span> <span class='ocrx_word' id='word_1_510' title='bbox 2452 2816 2552 2858; x_wconf 82' lang='lat' dir='ltr'>quas</span> 
     </span>
     <span class='ocr_line' id='line_1_39' title="bbox 119 2865 2562 2924; baseline 0.002 -15"><span class='ocrx_word' id='word_1_511' title='bbox 119 2865 352 2909; x_wconf 86' lang='lat' dir='ltr'>Theocritus</span> <span class='ocrx_word' id='word_1_512' title='bbox 380 2866 512 2908; x_wconf 86' lang='lat' dir='ltr'>decem</span> <span class='ocrx_word' id='word_1_513' title='bbox 542 2867 673 2909; x_wconf 87' lang='lat' dir='ltr'>habet‘</span> <span class='ocrx_word' id='word_1_514' title='bbox 703 2869 745 2909; x_wconf 88' lang='lat' dir='ltr'>et</span> <span class='ocrx_word' id='word_1_515' title='bbox 774 2866 877 2917; x_wconf 89' lang='lat' dir='ltr'>inde,</span> <span class='ocrx_word' id='word_1_516' title='bbox 926 2867 1032 2920; x_wconf 92' lang='lat' dir='ltr'>quod</span> <span class='ocrx_word' id='word_1_517' title='bbox 1068 2880 1114 2908; x_wconf 84' lang='lat' dir='ltr'>ea</span> <span class='ocrx_word' id='word_1_518' title='bbox 1141 2867 1277 2909; x_wconf 87' lang='lat' dir='ltr'>decem</span> <span class='ocrx_word' id='word_1_519' title='bbox 1306 2866 1486 2909; x_wconf 86' lang='lat' dir='ltr'>carmina</span> <span class='ocrx_word' id='word_1_520' title='bbox 1514 2878 1583 2919; x_wconf 85' lang='lat' dir='ltr'>per</span> <span class='ocrx_word' id='word_1_521' title='bbox 1631 2878 1673 2906; x_wconf 91' lang='lat' dir='ltr'>se</span> <span class='ocrx_word' id='word_1_522' title='bbox 1703 2866 1887 2908; x_wconf 85' lang='lat' dir='ltr'>videntur</span> <span class='ocrx_word' id='word_1_523' title='bbox 1915 2866 2034 2910; x_wconf 88' lang='lat' dir='ltr'>edita.</span> <span class='ocrx_word' id='word_1_524' title='bbox 2059 2868 2086 2920; x_wconf 86' lang='lat'>¹)</span> <span class='ocrx_word' id='word_1_525' title='bbox 2146 2869 2323 2922; x_wconf 88' lang='lat' dir='ltr'>Denique</span> <span class='ocrx_word' id='word_1_526' title='bbox 2352 2870 2418 2911; x_wconf 84' lang='lat' dir='ltr'>vix</span> <span class='ocrx_word' id='word_1_527' title='bbox 2448 2872 2562 2924; x_wconf 44' lang='lat' dir='ltr'>opus*</span> 
     </span>
     <span class='ocr_line' id='line_1_40' title="bbox 120 2932 2549 2992; baseline 0.003 -16"><span class='ocrx_word' id='word_1_528' title='bbox 120 2934 184 2976; x_wconf 88' lang='lat' dir='ltr'>est</span> <span class='ocrx_word' id='word_1_529' title='bbox 211 2943 384 2982; x_wconf 89' lang='lat' dir='ltr'>monere,</span> <span class='ocrx_word' id='word_1_530' title='bbox 413 2932 727 2976; x_wconf 84' lang='lat' dir='ltr'>observationem</span> <span class='ocrx_word' id='word_1_531' title='bbox 774 2933 887 2976; x_wconf 88' lang='lat' dir='ltr'>illam</span> <span class='ocrx_word' id='word_1_532' title='bbox 932 2933 1156 2985; x_wconf 84' lang='lat' dir='ltr'>metricam,</span> <span class='ocrx_word' id='word_1_533' title='bbox 1206 2934 1281 2977; x_wconf 88' lang='lat' dir='ltr'>etsi</span> <span class='ocrx_word' id='word_1_534' title='bbox 1311 2932 1429 2977; x_wconf 88' lang='lat' dir='ltr'>hodie</span> <span class='ocrx_word' id='word_1_535' title='bbox 1456 2932 1497 2975; x_wconf 88' lang='lat' dir='ltr'>in</span> <span class='ocrx_word' id='word_1_536' title='bbox 1527 2932 1665 2976; x_wconf 89' lang='lat' dir='ltr'>scholl.</span> <span class='ocrx_word' id='word_1_537' title='bbox 1692 2932 1855 2979; x_wconf 88' lang='lat' dir='ltr'>Theocr.</span> <span class='ocrx_word' id='word_1_538' title='bbox 1890 2947 1970 2977; x_wconf 90' lang='lat' dir='ltr'>non</span> <span class='ocrx_word' id='word_1_539' title='bbox 1999 2933 2211 2988; x_wconf 82' lang='lat' dir='ltr'>invenitur,</span> <span class='ocrx_word' id='word_1_540' title='bbox 2241 2949 2363 2992; x_wconf 83' lang='lat' dir='ltr'>quam</span> <span class='ocrx_word' id='word_1_541' title='bbox 2393 2937 2549 2983; x_wconf 88' lang='lat' dir='ltr'>Probus</span> 
     </span>
    </p>
   </div>
   <div class='ocr_carea' id='block_1_6' title="bbox 121 2999 2553 3128">
    <p class='ocr_par' dir='ltr' id='par_1_8' title="bbox 121 2999 2553 3128">
     <span class='ocr_line' id='line_1_41' title="bbox 121 2999 2553 3061; baseline 0.002 -15"><span class='ocrx_word' id='word_1_542' title='bbox 121 3004 183 3057; x_wconf 85' lang='lat' dir='ltr'>(p.</span> <span class='ocrx_word' id='word_1_543' title='bbox 212 3003 252 3051; x_wconf 79' lang='lat'>4,</span> <span class='ocrx_word' id='word_1_544' title='bbox 283 3002 338 3044; x_wconf 78' lang='lat'>20</span> <span class='ocrx_word' id='word_1_545' title='bbox 368 2999 441 3054; x_wconf 91' lang='grc' dir='ltr'>Κ.)</span> <span class='ocrx_word' id='word_1_546' title='bbox 471 3000 679 3055; x_wconf 84' lang='lat' dir='ltr'>adscripsit</span> <span class='ocrx_word' id='word_1_547' title='bbox 725 3015 895 3052; x_wconf 84' lang='lat' dir='ltr'>,carmen</span> <span class='ocrx_word' id='word_1_548' title='bbox 943 3003 1166 3046; x_wconf 90' lang='lat' dir='ltr'>bucolicum</span> <span class='ocrx_word' id='word_1_549' title='bbox 1214 3003 1343 3057; x_wconf 87' lang='lat' dir='ltr'>legem</span> <span class='ocrx_word' id='word_1_550' title='bbox 1373 3003 1516 3044; x_wconf 84' lang='lat' dir='ltr'>habere</span> <span class='ocrx_word' id='word_1_551' title='bbox 1545 3001 1710 3053; x_wconf 88' lang='lat' dir='ltr'>videtur,</span> <span class='ocrx_word' id='word_1_552' title='bbox 1740 3005 1786 3045; x_wconf 91' lang='lat' dir='ltr'>ut</span> <span class='ocrx_word' id='word_1_553' title='bbox 1813 3015 1948 3045; x_wconf 84' lang='lat' dir='ltr'>versus</span> <span class='ocrx_word' id='word_1_554' title='bbox 1978 3002 2062 3045; x_wconf 91' lang='lat' dir='ltr'>eius</span> <span class='ocrx_word' id='word_1_555' title='bbox 2091 3008 2254 3058; x_wconf 88' lang='lat' dir='ltr'>quartus</span> <span class='ocrx_word' id='word_1_556' title='bbox 2290 3012 2359 3060; x_wconf 86' lang='lat' dir='ltr'>pes</span> <span class='ocrx_word' id='word_1_557' title='bbox 2397 3010 2553 3061; x_wconf 88' lang='lat' dir='ltr'>partem</span> 
     </span>
     <span class='ocr_line' id='line_1_42' title="bbox 122 3067 2550 3128; baseline 0.002 -17"><span class='ocrx_word' id='word_1_558' title='bbox 122 3068 314 3111; x_wconf 85' lang='lat' dir='ltr'>orationis</span> <span class='ocrx_word' id='word_1_559' title='bbox 343 3067 470 3117; x_wconf 82' lang='lat' dir='ltr'>finiat,</span> <span class='ocrx_word' id='word_1_560' title='bbox 503 3067 605 3120; x_wconf 93' lang='lat' dir='ltr'>quod</span> <span class='ocrx_word' id='word_1_561' title='bbox 632 3068 862 3111; x_wconf 84' lang='lat' dir='ltr'>Theocritus</span> <span class='ocrx_word' id='word_1_562' title='bbox 891 3070 1131 3119; x_wconf 79' lang='lat' dir='ltr'>custodivit3</span> <span class='ocrx_word' id='word_1_563' title='bbox 1160 3083 1252 3111; x_wconf 87' lang='lat' dir='ltr'>nam</span> <span class='ocrx_word' id='word_1_564' title='bbox 1281 3069 1468 3123; x_wconf 79' lang='lat' dir='ltr'>(etiam?)</span> <span class='ocrx_word' id='word_1_565' title='bbox 1499 3069 1696 3123; x_wconf 85' lang='lat' dir='ltr'>Vergilius</span> <span class='ocrx_word' id='word_1_566' title='bbox 1727 3070 1768 3112; x_wconf 91' lang='lat' dir='ltr'>in</span> <span class='ocrx_word' id='word_1_567' title='bbox 1796 3069 1925 3125; x_wconf 85' lang='lat' dir='ltr'>primo</span> <span class='ocrx_word' id='word_1_568' title='bbox 1961 3082 2076 3112; x_wconf 80' lang='lat' dir='ltr'>versu</span> <span class='ocrx_word' id='word_1_569' title='bbox 2103 3071 2287 3123; x_wconf 86' lang='lat' dir='ltr'>attendit,</span> <span class='ocrx_word' id='word_1_570' title='bbox 2319 3077 2550 3128; x_wconf 86' lang='lat' dir='ltr'>sequentem</span> 
     </span>
    </p>
   </div>
   <div class='ocr_carea' id='block_1_7' title="bbox 329 3357 885 3401">
    <p class='ocr_par' dir='ltr' id='par_1_9' title="bbox 329 3357 885 3401">
     <span class='ocr_line' id='line_1_43' title="bbox 329 3357 885 3401; baseline 0.009 -11"><span class='ocrx_word' id='word_1_571' title='bbox 329 3358 354 3400; x_wconf 89' lang='lat'>¹)</span> <span class='ocrx_word' id='word_1_572' title='bbox 392 3359 437 3396; x_wconf 72' lang='lat' dir='ltr'>ct.</span> <span class='ocrx_word' id='word_1_573' title='bbox 462 3357 616 3394; x_wconf 79' lang='lat' dir='ltr'>Ahrens.</span> <span class='ocrx_word' id='word_1_574' title='bbox 640 3358 750 3399; x_wconf 76' lang='lat' dir='ltr'>praet.</span> <span class='ocrx_word' id='word_1_575' title='bbox 774 3368 807 3401; x_wconf 82' lang='lat' dir='ltr'>p.</span> <span class='ocrx_word' id='word_1_576' title='bbox 829 3358 885 3395; x_wconf 78' lang='lat'>34.</span> 
     </span>
    </p>
   </div>
  </div>
 </body>
</html>
