2692 3515
148 838 154 844 ’
223 834 227 837 ’
291 818 1024 967 A‘nimadversiones
1082 840 1184 935 ad
1245 845 1547 936 veteres
1591 819 1933 953 'Vergini
1990 812 2456 953 interpretes

1280 1001 1438 1056 scripsit
2275 1041 2280 1045 .

1195 1119 1299 1158 nr.
1330 1116 1527 1159 Klotz.

120 1437 123 1440 ·
336 1355 627 1438 ¹Disputaturo
645 1379 745 1421 mihi
774 1379 822 1421 de
857 1380 1055 1424 veteribus
1077 1381 1244 1436 Vergilii
1270 1382 1549 1437 interpretibus
1578 1379 1695 1423 hodie
1723 1391 1804 1422 non
1823 1379 1903 1421 iam
1935 1378 2037 1421 sicut
2065 1379 2159 1420 ante
2189 1377 2261 1420 hos
2280 1376 2416 1420 decem
2444 1388 2571 1421 annos

128 1463 224 1495 cum
255 1447 513 1502 Quaestiones
540 1445 748 1492 Servianas
774 1448 803 1502 ¹)
832 1448 1141 1501 conscribebam‚
1199 1462 1297 1505 opus
1324 1453 1382 1493 est
1410 1450 1599 1493 disserere
1626 1448 1675 1490 de
1702 1447 1931 1501 quaestione
1951 1447 2022 1489 illa
2049 1445 2248 1496 Serviane,
2279 1447 2326 1488 ut
2353 1443 2413 1488 ita
2439 1444 2573 1489 dicem

130 1517 217 1561 aa?
248 1517 413 1574 ἐξοχῆν,
442 1513 593 1557 scilicet
619 1516 755 1557 utrum
785 1515 935 1562 scholia
962 1529 987 1558 a
1015 1516 1134 1559 Petro
1163 1517 1324 1560 Daniele
1350 1530 1451 1560 anno
1484 1517 1594 1559 1600
1622 1515 1795 1570 primum
1827 1514 1933 1557 edita
1979 1513 2057 1568 ipsi
2084 1513 2219 1557 Servio
2249 1514 2332 1556 sint
2358 1512 2572 1556 tribuco&

128 1592 279 1638 neena,
321 1584 478 1656 ΔΨ
500 1581 607 1625 enim
628 1581 709 1624 iam
739 1584 814 1633 est,
843 1582 995 1638 opinor,
1025 1582 1074 1626 de
1092 1597 1140 1627 ea
1153 1584 1389 1639 quaestione,
1417 1597 1544 1639 neque
1557 1582 1767 1638 quisquam
1787 1583 1880 1637 post
1906 1595 1965 1633 ea,
1996 1594 2096 1636 quae
2112 1580 2229 1625 'rhilo
2253 1582 2301 1635 ²),
2321 1580 2498 1625 Thomas
2517 1579 2572 1634 θ’,

128 1651 294 1707 Georgii
317 1654 361 1704 ⁴),
411 1649 578 1704 denique
624 1649 709 1703 ipse
736 1649 1042 1705 disputavimus,
1093 1651 1303 1703 dubitabit,
1349 1652 1445 1707 quin
1489 1650 1639 1694 scholia
1681 1649 1752 1692 illa
1780 1648 1981 1692 Servianis
2027 1648 2178 1692 adnexa
2217 1662 2264 1692 ex
2292 1647 2566 1705 antiquiorum
2632 1691 2637 1695 ,

128 1719 266 1762 Servio
296 1720 659 1762 commentatorum
689 1717 802 1760 libris
830 1719 1049 1761 maximam
1077 1723 1233 1774 partem
1261 1721 1339 1762 sint
1365 1721 1508 1762 hausta
1537 1722 1577 1761 et
1606 1719 1700 1771 quin
1729 1718 1918 1759 Serviana
1964 1718 2052 1771 ipsa
2079 1717 2176 1759 adeo
2205 1729 2285 1759 non
2313 1717 2394 1762 sint
2421 1716 2567 1758 misere

127 1785 346 1829 dilacerata
372 1786 415 1827 et
440 1783 641 1835 mutilata,
669 1787 717 1827 ut
744 1786 881 1827 contra
927 1785 1043 1839 plena
1083 1785 1166 1829 sint
1207 1788 1247 1829 et
1289 1787 1435 1841 optime
1482 1788 1655 1829 servata.
1710 1785 1817 1828 Nam
1866 1784 1971 1838 quod
2018 1797 2141 1827 unum
2190 1784 2411 1827 alterumve
2439 1782 2571 1844 Servii

126 1853 306 1896 scholion
337 1852 505 1895 fortasse
532 1855 594 1893 est
622 1851 844 1894 breviatum
874 1854 944 1894 aut
972 1852 1134 1896 omnino
1164 1853 1292 1908 periit,
1341 1853 1380 1896 id
1409 1866 1501 1896 cum
1527 1854 1572 1895 in
1602 1855 1737 1895 tantae
1767 1851 2043 1907 amplitudinis
2075 1856 2162 1895 tum
2191 1852 2233 1894 in
2261 1852 2379 1894 huius
2406 1850 2564 1906 generis

123 1920 227 1964 libro
255 1919 423 1963 minime
451 1917 608 1962 videtur
635 1919 874 1970 mirandum,
905 1920 1049 1975 quippe
1077 1920 1147 1975 qui
1174 1923 1328 1963 constet
1353 1934 1400 1963 ex
1428 1924 1491 1964 tot
1519 1920 1687 1975 singulis
1721 1920 2061 1971 adnotationibus,
2090 1919 2302 1974 adscriptis
2330 1919 2418 1961 sine
2444 1918 2567 1962 dubio

122 1987 284 2042 saepius
313 1987 493 2031 versibus
523 1986 769 2040 Vergilianis
796 1986 839 2029 in
867 1987 1047 2041 margine
1077 1987 1272 2031 codicum.
1328 1988 1381 2030 Ut
1409 2001 1501 2030 vero
1531 1988 1597 2030 via
1625 2000 1672 2030 ac
1699 1987 1853 2030 ratione
1872 1987 2020 2042 inquiri
2047 1987 2175 2042 possit
2202 1986 2245 2029 in
2273 1985 2400 2029 Servii
2419 1986 2566 2038 fontes,

122 2068 218 2098 sane
246 2053 396 2098 summi
425 2056 495 2098 est.
513 2054 722 2106 momenti,
752 2066 1033 2098 censeamusne
1071 2055 1156 2099 eius
1185 2056 1510 2099 commentarium
1553 2068 1633 2099 non
1661 2055 1880 2099 mediocres
1928 2056 2102 2098 iacturas
2137 2055 2287 2106 fecisse,
2335 2054 2442 2110 quod
2479 2053 2569 2099 vult

119 2123 298 2166 Thomas
322 2125 355 2178 ⁸)
397 2136 448 2165 an
483 2114 651 2178 ⁴plenum
698 2135 784 2165 esse
811 2122 1041 2169 iudicemus.
1098 2123 1164 2165 Ad
1210 2123 1505 2178 disceptandam
1551 2126 1659 2167 hanc
1707 2124 1978 2177 quaestionem
2027 2124 2095 2166 vix
2136 2125 2197 2166 est
2243 2123 2350 2177 quod
2382 2124 2570 2166 moneam

118 2192 295 2233 multum
325 2190 457 2233 valere
484 2201 551 2232 eos
579 2189 758 2232 Serviani
785 2189 1061 2233 commentarii
1089 2190 1210 2241 locos,
1258 2190 1300 2233 in
1327 2190 1469 2245 quibus
1507 2190 1576 2234 ille
1603 2191 1685 2233 iam
1714 2204 1833 2247 supra
1871 2204 1917 2234 se
1945 2190 2140 2246 quaedam
2184 2189 2332 2234 dixisse
2367 2189 2570 2251 adfirmet,

117 2249 300 2312 >Quorum
330 2269 518 2299 numerus
548 2269 639 2299 cum
668 2257 723 2299 sit
750 2257 951 2299 maximus
979 2280 1035 2289 —
1063 2261 1158 2301 sunt
1186 2258 1267 2301 fere
1296 2258 1570 2313 quadringenti
1598 2281 1655 2290 -
1683 2271 1778 2302 sane
1809 2272 1946 2302 eorum
1978 2259 2187 2311 sententia,
2235 2258 2304 2314 qui
2331 2257 2566 2302 Servianum

117 2326 277 2367 textum
305 2337 384 2367 non
416 2323 650 2366 mutilatum
680 2326 751 2367 aut
777 2324 1056 2367 circumcisum
1085 2325 1327 2374 existiment,
1366 2337 1516 2379 magna
1564 2338 1611 2368 ex
1644 2329 1757 2380 parte
1786 2327 1962 2378 fulcitur,
2002 2326 2072 2369 ubi
2119 2326 2472 2377 demonstrabitur,
2520 2337 2568 2368 ea

116 2403 218 2445 quae
245 2403 367 2445 supra
407 2403 451 2432 se
498 2389 647 2432 dixIsse
677 2390 838 2433 Servius
880 2395 1056 2442 moneat,
1104 2392 1186 2445 legi
1226 2393 1267 2434 in
1314 2392 1648 2435 antecedentibus.
1708 2394 1960 2447 Quamquam
2003 2393 2119 2435 Thilo
2159 2394 2251 2437 huic
2298 2392 2568 2449 adstipulatur

117 2456 341 2502 sententiae
358 2457 403 2513 ⁸),
444 2457 584 2500 tamen
627 2469 707 2501 non
750 2456 829 2501 sibi
868 2457 1053 2503 constitit
1095 2463 1137 2503 in
1167 2458 1437 2504 adscribendis
1467 2459 1524 2504 eis
1552 2460 1669 2512 locis3
1713 2461 1819 2515 quod
1862 2475 1932 2505 cur
1966 2454 2096 2505 faeere
2124 2463 2306 2512 noluerit,
2354 2474 2401 2505 eo
2428 2462 2566 2515 magis

321 2568 349 2614 ¹)
376 2567 570 2608 Dissertat.
592 2569 794 2614 inungui-al.
820 2567 1020 2614 Gryphisw.
1046 2570 1150 2609 1882.

320 2624 347 2666 ¹)
368 2623 525 2660 Pruetat.
550 2624 637 2665 edit.
662 2625 819 2660 Servian.
843 2625 912 2661 vol.
936 2625 972 2661 1⁵
995 2629 1014 2663 1
1039 2637 1115 2671 sqq.

319 2679 348 2725 ⁸)
371 2679 473 2715 Essai
497 2690 561 2716 sur
582 2680 726 2717 Servius
745 2691 781 2725 p.
801 2680 848 2719 44
871 2691 946 2727 sqq.

316 2736 347 2782 ⁴)
370 2735 437 2771 Die
459 2736 581 2772 antike
605 2736 856 2774 Aenesskritik
878 2748 913 2783 p.
937 2737 959 2772 9
982 2748 1065 2784 sqq3
1092 2739 1152 2784 qui
1183 2739 1273 2776 liber
1302 2747 1378 2774 cum
1401 2739 1557 2788 multum
1583 2739 1673 2776 lucis
1697 2739 1794 2778 hisce
1820 2745 1980 2778 veterum
2022 2742 2149 2780 studiis
2184 2743 2322 2789 attulit,
2359 2747 2439 2781 tum
2463 2744 2564 2782 haud

113 2792 359 2837 neglegendus
383 2794 441 2829 est
463 2793 635 2836 omnibns,
660 2794 721 2839 qui
744 2794 877 2830 nostris
901 2794 1120 2840 temporibus
1145 2794 1302 2840 Vergilio
1325 2795 1390 2839 ipsi
1417 2795 1687 2841 interpretando
1711 2797 1801 2834 dant
1823 2809 1978 2844 operam.

317 2847 345 2894 ⁸)
368 2859 402 2894 p,
425 2847 492 2884 167
515 2859 593 2895 sqq.
616 2849 841 2893 ,alterations
867 2849 912 2886 de
935 2853 1039 2887 notre
1062 2851 1233 2897 vulgate.
2128 2883 2138 2893 ,

317 2902 347 2950 ⁸)
370 2904 523 2940 Miratus
548 2914 638 2947 sum,
664 2904 758 2950 quod
781 2905 836 2940 vir
859 2905 922 2941 ille
942 2905 1069 2941 doctus
1093 2906 1183 2941 mihi
1205 2906 1333 2943 obiecit
1354 2916 1410 2942 me
1432 2917 1505 2945 non
1528 2908 1670 2955 legisse,
1696 2910 1791 2955 quod
1814 2911 1888 2956 ipse
1916 2913 2141 2958 exposuisset
2163 2916 2275 2960 praet.
2300 2915 2370 2952 vol.
2390 2913 2426 2950 1²
2446 2924 2481 2959 p.
2504 2913 2554 2954 45

119 2957 223 3003 Quid,
248 2970 289 2995 ex
313 2960 376 3004 eis,
409 2970 501 3006 qnae
526 2960 588 2996 illo
612 2960 701 2997 dixit
722 2972 756 3007 p.
780 2962 825 2997 14
849 2962 1001 3005 ,etiamsi
1025 2961 1217 2999 Servianus
1240 2964 1521 3008 commentarius,
1560 2966 1621 3011 qui
1645 2966 1750 3002 hodie
1774 2968 1811 3003 in
1839 2968 1997 3014 vulgetis
2021 2969 2123 3006 libris
2146 2973 2275 3015 exstet,
2305 2971 2390 3007 olim
2416 2971 2557 3017 plenis:

112 3016 234 3053 tuerit‘
249 3034 294 3043 —
310 3025 416 3062 quem
439 3016 558 3054 locum
579 3016 654 3063 ipse
678 3017 869 3053 eitaversm
885 3037 930 3044 —
946 3027 1063 3053 nonne
1085 3017 1163 3055 iure
1188 3017 1340 3064 quodam
1363 3019 1579 3067 collegeram
1605 3023 1639 3058 ei
1661 3034 1737 3060 rem
1759 3035 1829 3061 non
1859 3036 2006 3070 prorsus
2030 3026 2144 3064 videri
2167 3031 2313 3071 certam,
2337 3038 2554 3074 quamquam

111 3071 221 3114 probe
254 3072 418 3108 sciebam·
433 3083 515 3108 eum
538 3073 671 3109 certius
705 3075 797 3108 ferre
832 3071 1000 3109 indicium
1041 3074 1118 3109 loco
1142 3075 1363 3119 posteriore?
1407 3075 1541 3113 obl-es
1576 3080 1757 3116 occasione
1799 3090 1936 3125 moneo,
1975 3083 2071 3129 qnod
2081 3082 2239 3121 dixeram
2268 3085 2307 3120 in
2329 3085 2552 3131 preestfion·

111 3124 378 3165 dissertationis
395 3124 506 3172 mess,
527 3126 716 3166 Thilonem
739 3128 950 3174 ,praecique0
973 3141 1076 3168 usum
1099 3140 1177 3167 esse
1194 3129 1403 3177 quibusdam
1418 3136 1654 3180 argumentis,
1678 3141 1722 3173 nt
1747 3137 2012 3176 demonstraret
2034 3140 2282 3179 additamenta
2303 3151 2375 3178 non
2391 3143 2554 3186 misen

110 3191 190 3240 esse
214 3194 236 3218 s,
257 3183 392 3228 Servio,
424 3184 519 3231 qnod
541 3184 726 3232 displicuit
747 3184 900 3234 Thiloni,
931 3197 1012 3223 cum
1036 3186 1117 3224 aliis
1141 3188 1360 3234 argumentis
1382 3188 1553 3231 maiorem
1577 3192 1717 3230 tribuet
1740 3194 1822 3239 vim,
1851 3195 1906 3232 its
1927 3195 2095 3244 intellegi
2125 3208 2183 3234 me
2204 3198 2371 3243 voluisse,
2400 3202 2445 3235 ut
2463 3182 2556 3235 nm

108 3238 252 3295 quidem
287 3250 330 3276 es
364 3240 579 3293 argumenta
611 3243 798 3290 praecipue
832 3245 918 3286 apta
953 3245 998 3279 sd
1032 3243 1126 3278 illud
1158 3243 1474 3280 demonstrandum
1508 3247 1723 3287 viderentur.
1770 3251 1841 3287 Sed
1864 3253 1948 3289 nolo
1983 3253 2121 3290 multus
2131 3259 2210 3291 esse
2238 3254 2277 3290 in
2313 3254 2442 3298 verbu,
2471 3263 2555 3291 Ω-

107 3294 374 3388 ἰοιιοοιὲιὶιέιιὶιι
400 3296 439 3333 in
464 3306 523 3340 re;
563 3308 673 3344 quare
697 3298 824 3336 omitto
847 3296 1060 3345 respondere
1083 3299 1129 3336 ad
1153 3300 1301 3338 taertium
1323 3299 1424 3345 illud,
1447 3301 1485 3337 in
1516 3313 1585 3348 quo
1611 3315 1668 3341 me
1691 3308 1866 3344 erravisse
1903 3308 1992 3347 dicit
2013 3308 2067 3349 de,
2094 3310 2206 3355 ipsius
2229 3309 2468 3347 adme-tion·
2486 3297 2488 3299 ¹
2504 3309 2553 3347 ad

144 3357 200 3386 eu·
247 3376 257 3393 .
308 3352 362 3392 aa
661 3373 681 3383 .,
2028 3352 2067 3365 ⁴‘
2518 3353 2522 3356 ’
