2692 3515
254 452 533 525 Q
544 443 612 508 hic
630 462 819 513 mu
845 462 957 508 dicat
994 462 1196 521 quispiam
1242 464 1387 514 omnia,
1433 475 1536 519 quae
1560 461 1694 505 adhuc
1739 460 1822 504 sint
1849 460 2018 523 prolata,
2048 459 2149 504 nihil
2176 461 2439 517 preb-eds
2440 460 2615 519 ᾖ

97 536 100 537 ’
155 530 261 539 ’
438 529 1211 595 meriteisaliomaniso'xseriptie.
1257 544 1349 576 cnm
1393 544 1441 576 ea
1486 515 2018 588 pomerintmntnataesse
2061 524 2564 607 exlibdloqntdands'

2 629 27 633 Α
70 598 410 658 εὑροῦσι
416 600 529 646 ant
529 598 679 656 poesi
699 597 926 645 bucolica.
921 598 1182 654 -modet‘ei
1195 612 1266 656 per
1291 597 1603 656 scimpohebile
1626 599 1718 648 est,
1730 608 1782 640 ne
1808 593 2262 652 plurib-arednrgnun,
2290 596 2390 641 ‘iam
2396 597 2568 643 abav-

118 666 712 724 mulmnthns
739 665 1203 750 apertiesimeidqued
1230 663 1719 724 pesuimnsintellqitnr.
1774 662 1923 711 Adid.
1951 664 2006 716 ΙΙ,
2034 664 2092 709 48
2190 679 2193 681 ·

671 736 934 792 Ἱππομανδς
960 734 1099 793 φυτόν
1125 736 1213 780 ἔστι
1242 735 1342 792 παρ’
1363 735 1577 792 Ἀρκάσι.
1604 736 1663 792 τῷ
1690 731 1735 776 δ’
1766 734 1845 776 ἔτι
1874 735 2012 776 πᾶσαι

681 808 767 849 Καὶ
800 805 939 850 nilo·
965 807 1194 860 μαίνονται
1222 801 1286 848 ἃ»)
1317 805 1425 860 ὄρεα
1453 807 1527 848 καὶ
1555 806 1665 847 θοαὶ
1692 806 1832 851 ἵπποι,

122 857 200 914 Ιιοό
225 869 406 914 scholion
433 872 496 913 est
522 869 778 914 adnotam-
799 872 1117 931 ιΑπλουοίτροι·
1143 870 1169 915 ὃ
1198 872 1416 928 eoeneum
1462 882 1566 929 φησι
1611 868 1749 928 φυτὸν
1795 866 2056 925 ἱπνωμανές,
2091 869 2134 914 οἳ
2158 870 2244 927 γάρ
2272 875 2457 927 περιττοὶ
2482 866 2569 917 ’,εἴ

124 939 481 993 ωλψιρἅμονες
524 939 686 993 οὕφασι
714 940 850 993 φυτὸν
893 943 1026 982 εἶναι
1052 938 1168 981 ἀλλὰ
1215 939 1310 987 τοὺς
1354 940 1680 992 ἀππκωμένους
1724 938 1893 985 πώλους
1919 938 2030 990 ἔχειν
2062 953 2102 979 ιι
2128 941 2306 990 caedant
2332 939 2556 994 ’.ὅμοιον

123 1003 197 1051 &a
222 1004 297 1059 uf»
342 1003 542 1062 μοαὸπου
580 1005 797 1060 γλοιῶδες,
834 1006 1024 1051 ἔλαττον.
1049 1005 1239 1062 ἰσχάδος,
1286 1006 1311 1050 ὃ
1356 1007 1543 1051 καλεῖται
1586 1004 1841 1061 ἲπνωμανές.
1919 1003 2217 1060 &mairem
2264 1006 2313 1050 δὲ
2352 1004 2458 1052 ava
2482 1012 2557 1051 nal

120 1072 423 1127 ἄπολιίχουσιν
449 1072 583 1124 εὐθὺς
602 1073 653 1130 ὀἱ
681 1079 808 1117 ἵπποι
836 1105 847 1116 .
875 1078 948 1117 καὶ
991 1075 1031 1116 εἰ
1088 1076 1210 1117 τοῦτο
1254 1074 1464 1130 mim,
1512 1074 1831 1129 φιλοσιεργοῡσι
1859 1071 1912 1114 τὰ
1939 1071 2097 1126 ἔκγονα
2125 1104 2137 1115 .
2167 1073 2207 1115 εἰ
2235 1072 2285 1116 δὲ
2310 1074 2387 1128 μή,
2443 1072 2557 1118 διιπ-

120 1143 351 1198 χθιιίρουα
390 1144 464 1183 καὶ
480 1140 547 1184 ὀὗ
593 1144 832 1197 προςίενται
875 1173 886 1184 .
916 1172 926 1183 .
957 1172 968 1183 .
1013 1138 1070 1191 ὥς
1105 1139 1387 1197 ’Amatorem
1432 1144 1504 1184 καὶ
1551 1136 1836 1197 Θεόφραστος.
1911 1137 1971 1180 ΒΘ
2017 1138 2093 1182 hoc
2136 1136 2288 1182 scholio
2335 1138 2395 1183 its
2433 1140 2560 1184 metit

123 1206 347 1251 Ahrensins
374 1205 548 1260 (adnott.
577 1221 616 1264 p.
645 1208 749 1263 484)
777 1206 936 1258 ,ultima
962 1207 1069 1251 male
1096 1206 1320 1257 adhaerent.
1367 1220 1466 1263 quae
1513 1220 1560 1250 ex
1607 1209 1794 1262 sequente
1839 1205 1992 1250 scholio
2018 1208 2282 1257 accesserunt,
2331 1206 2410 1251 nisi
2448 1207 2556 1264 qnod

122 1274 425 1331 Theophrastus
454 1277 605 1319 temere
631 1275 794 1319 additus
823 1289 909 1319 esse
956 1275 1114 1319 videtur
1154 1278 1314 1331 propter
1339 1276 1580 1332 frequentem
1609 1288 1702 1319 cnm
1730 1274 1948 1318 Aristotele
1975 1274 2322 1321 coniunctionem:
2384 1276 2557 1321 Verum·

124 1343 264 1386 tamen
290 1332 554 1397 Theophrasti
583 1342 820 1387 memoriam
848 1343 888 1386 io
918 1342 1212 1398 antiquissimis
1240 1340 1800 1395 commentariisTheocriteis
1843 1340 2044 1385 exstitisse
2084 1341 2189 1386 sicut
2227 1344 2373 1398 probat
2408 1343 2561 1388 codids

127 1409 389 1454 Ambrosiani
416 1409 534 1453 lectio
562 1414 621 1466 (p.
651 1411 708 1455 22
756 1411 838 1463 Z.).
869 1410 928 1453 ita
974 1410 1159 1453 fimatur
1186 1410 1346 1453 scholiis
1377 1409 1627 1465 Vergilianis,
1674 1409 1718 1452 in
1744 1408 1888 1463 quibus
1916 1409 2013 1452 haec
2038 1409 2225 1464 leguntur
2258 1409 2367 1466 apud
2394 1411 2558 1457 Philar-

133 1476 293 1533 fflrinm
323 1475 474 1531 Georg.
499 1477 541 1523 3.
570 1478 656 1520 280
691 1477 817 1528 ,Hinc
844 1477 1024 1533 demum]
1052 1476 1168 1520 ordo:
1196 1476 1288 1520 hinc
1316 1477 1420 1520 virus
1448 1477 1602 1520 lentum
1630 1477 1680 1519 ab
1710 1476 1872 1531 inguine
1899 1476 2090 1528 destillat,
2137 1477 2257 1532 qnod,
2271 1491 2366 1522 vero
2392 1479 2572 1526 neni-e-

127 1544 393 1602 hippomanes
418 1543 556 1588 dicunt
582 1547 775 1602 pastores.
833 1545 937 1589 Vero
967 1544 1143 1600 nomine]
1192 1545 1373 1601 quoniam
1400 1544 1635 1589 Theocritus
1666 1543 1829 1589 herbam
1857 1543 1956 1588 dicit
1998 1543 2108 1588 nasci
2153 1544 2196 1589 in
2242 1545 2429 1599 Arcadia,
2477 1559 2559 1603 qna

126 1616 291 1666 gustata
318 1614 446 1665 equae
469 1613 510 1652 in
538 1612 743 1653 libidinem
774 1612 998 1655 ardescunt.
1056 1613 1110 1653 Et
1159 1612 1449 1666 Theophrastus
1479 1611 1732 1653 carunculam
1782 1612 1823 1652 in
1852 1611 1988 1664 [fronte
2015 1611 2149 1666 equini
2181 1613 2305 1668 pulli:
2330 1613 2363 1666 ³)
2420 1613 2559 1667 Quid?

125 1681 216 1725 luce
243 1692 373 1723 noune
400 1679 546 1722 clarius
593 1684 656 1722 est
702 1683 743 1722 et
769 1680 1033 1734 Theophrasti
1051 1682 1205 1722 ‘nomeu
1233 1680 1429 1722 immerito
1479 1681 1529 1721 ab
1559 1679 1755 1721 Ahrensio
1784 1680 1825 1721 in
1853 1679 2143 1722 dubitationem
2190 1693 2276 1722 esse
2303 1687 2488 1724 vocatam
2516 1688 2576 1725 et>

129 1747 362 1804 interpretes
392 1745 559 1802 Vergilii
586 1758 634 1788 ex
661 1745 862 1789 Theocriti
890 1746 1097 1790 hausisse?

336 1814 487 1856 Deinde
514 1814 748 1856 Servianum
789 1814 965 1857 scholion
1013 1814 1064 1856 ad
1093 1816 1193 1859 Aeu.
1220 1812 1301 1863 III,
1348 1814 1429 1854 500
1459 1813 1653 1865 ,Quodam
1702 1815 1882 1868 tempore
1929 1811 2179 1867 Syracusani,
2228 1814 2397 1858 victores
2433 1814 2561 1857 Athe-

131 1882 343 1933 niensium,
374 1884 561 1936 ceperunt
588 1880 795 1936 Syracusis
840 1882 1041 1936 ingentem
1094 1881 1268 1925 hostium
1317 1881 1614 1924 multitudinem
1661 1883 1702 1924 et
1732 1913 1743 1923 .
1772 1913 1784 1925 .
1812 1881 1926 1923 Tunc
1970 1882 2099 1924 auctis
2127 1882 2254 1925 muris
2294 1883 2418 1925 etiam
2453 1883 2563 1926 fossa

130 1950 369 1993 intrinsecus
398 1950 505 1993 facta
534 1951 607 2000 est,
639 1962 738 2004 quae
770 1949 934 1992 flumine
963 1949 1139 1993 admisso
1168 1950 1316 2005 repleta
1344 1949 1600 1992 munitiorem
1630 1948 1811 1992 redderet
1837 1948 2041 1992 civitatem
2071 1982 2082 1994 .
2112 1951 2214 1993 hanc
2249 1950 2373 2005 igitur
2400 1951 2555 1994 fossam

130 2031 200 2074 per
228 2018 402 2060 hostium
433 2029 607 2072 poenam·
649 2020 689 2060 et
730 2018 918 2060 iniuriam
965 2019 1126 2069 factam,
1155 2018 1331 2073 Thybrin
1359 2019 1596 2060 vocaverunt
1636 2016 1725 2062 ἀπὸ
1755 2020 1824 2073 τῆς
1852 2018 2011 2073 ὕβρεως
2038 2050 2048 2060 .
2077 2050 2089 2063 .
2119 2050 2131 2062 .
2160 2051 2171 2062 .
2200 2017 2304 2061 circa
2342 2017 2560 2073 Syracusas

130 2089 264 2129 autem
295 2098 380 2127 esse
408 2085 555 2127 fossam
584 2085 762 2139 Thybrin
791 2086 952 2128 nomine
979 2086 1212 2129 Theocritus
1241 2085 1445 2129 meminit.‘
1493 2084 1562 2137 (cf.
1591 2085 1714 2127 etiam
1740 2085 1840 2127 Aen.
1873 2084 1993 2135 VIII,
2018 2085 2119 2136 330)
2148 2086 2274 2128 redire
2311 2086 2362 2129 ad
2391 2087 2561 2130 eundem

132 2154 296 2202 fontem,
326 2151 431 2207 quod
460 2151 727 2206 colligendum
757 2153 818 2194 vel
847 2166 892 2195 ex
943 2152 1083 2196 addito
1129 2153 1287 2196 nomine
1315 2151 1524 2200 Theocriti.
1573 2151 1734 2207 insuper
1781 2154 1954 2195 testatur
1981 2153 2102 2197 schol.
2132 2152 2295 2198 Theocr.
2324 2153 2379 2198 id.
2412 2153 2445 2205 1,
2479 2154 2563 2197 118

130 2221 200 2264 ubi
228 2222 340 2263 haec:
369 2221 392 2264 ὃ
416 2224 640 2276 Θεαίτητος
669 2222 720 2264 δέ
736 2234 838 2277 φησι
858 2226 1144 2276 Συρακοσίους
1172 2222 1381 2276 ὀνομάσαι
1395 2222 1467 2273 (se.
1494 2221 1676 2276 Θύβριν)
1704 2220 1793 2263 ἀπὸ
1813 2223 1881 2276 τῆς
1910 2220 2084 2275 ὕβρεως.
2133 2221 2219 2262 Iam
2236 2221 2349 2263 nulla
2377 2233 2568 2265 remane-

135 2289 209 2337 bit.
254 2288 407 2342 opinor,
444 2287 656 2336 dubitatio,
688 2288 783 2342 quin
811 2288 931 2330 etiam
976 2289 1190 2331 Servianae
1237 2288 1326 2329 illae
1372 2287 1648 2330 adnotationes
1678 2287 1726 2329 de
1754 2287 1944 2330 caecitate
1970 2288 2167 2330 Anchisae
2194 2300 2314 2343 supra
2341 2289 2566 2345 exscriptae

134 2356 284 2411 petitae
313 2355 398 2396 sint
425 2367 472 2396 ex
501 2355 852 2409 interpretamento
883 2369 1069 2398 versuum
1093 2355 1412 2399 Theocriteorum
1440 2354 1495 2396 id.
1525 2355 1558 2404 I,
1591 2356 1685 2399 105.

346 2420 542 2473 Quoniam
575 2422 702 2476 igitur
737 2423 929 2466 evicimus
978 2437 1024 2466 ex
1074 2423 1124 2465 iis
1153 2423 1262 2473 locis,
1310 2422 1351 2464 in
1380 2422 1520 2475 quibus
1563 2422 1689 2475 ipsius
1735 2421 1935 2465 Theocriti
1964 2423 2160 2477 profertur
2197 2436 2353 2473 nomen,
2375 2425 2409 2477 ⁸)
2440 2423 2569 2466 iuter-

137 2491 268 2546 pretes
291 2488 539 2543 Vergilianos
569 2489 694 2544 copiis
712 2489 1033 2534 Theocriteornm
1064 2503 1148 2534 esse
1177 2502 1282 2540 usos,
1314 2489 1431 2532 etiam
1458 2488 1538 2532 alia
1566 2481 1718 2532 scholia
1738 2488 1967 2543 Vergiliana
1992 2489 2043 2533 ad
2072 2490 2175 2533 hunc
2201 2489 2353 2533 fontem
2382 2503 2571 2535 revocare

137 2556 344 2600 audemus.
404 2556 539 2599 Veluti
587 2557 720 2600 nullus
766 2557 906 2602 dubito
955 2558 1031 2602 huc
1079 2558 1232 2608 referre,
1278 2569 1396 2612 quae,
1422 2554 1471 2598 de
1499 2555 1699 2600 Arethusa
1726 2555 1835 2600 fonte
1866 2555 2061 2601 Siciliensi
2107 2557 2304 2614 copiosius
2332 2562 2572 2603 narrantur:

140 2626 260 2665 Prob.
289 2626 362 2664 ecl.
394 2627 460 2672 10,
494 2628 514 2664 1
547 2626 606 2678 (p.
635 2627 703 2672 25,
738 2628 790 2665 12
820 2627 894 2679 Κ.)
924 2628 1137 2675 ,Arethusa
1162 2627 1254 2666 sous
1282 2627 1324 2664 in
1353 2624 1498 2671 Sicilia,
1528 2636 1553 2663 a
1581 2635 1657 2676 quo
1688 2635 1824 2663 musas
1854 2624 2010 2665 videtur
2036 2626 2331 2678 cognominare,
2374 2625 2571 2679 quoniam

138 2690 319 2735 bucolica
347 2704 502 2733 carmen
551 2691 742 2742 Siculum,
791 2694 852 2735 vel
897 2693 1085 2746 quoniam
1136 2691 1281 2734 amoris
1328 2702 1443 2732 causa
1492 2689 1682 2743 Alpheus,
1731 2690 1848 2732 Pisae
1875 2691 2033 2741 fluvius,
2081 2706 2149 2746 per
2182 2705 2294 2735 mare
2322 2691 2498 2734 defluens
2529 2692 2574 2735 in

138 2771 229 2802 eum
259 2757 469 2809 convenit‘,
499 2757 551 2802 ad
581 2771 695 2814 quem
727 2760 858 2804 locum
888 2758 1045 2804 Servius
1074 2774 1111 2805 v.
1143 2762 1181 2805 4.
1213 2758 1347 2810 ,Varia
1375 2756 1480 2799 enim
1508 2756 1641 2812 opinio
1673 2760 1754 2800 est:
1797 2771 1892 2800 nam
1934 2758 2004 2801 alii
2032 2758 2181 2808 dicunt.
2223 2758 2275 2802 ad
2308 2759 2571 2812 Arethusam,

144 2875 207 2883 ..—

348 2938 374 2983 1)
414 2939 458 2973 cf.
479 2936 636 2973 Diomed.
662 2949 694 2982 p.
719 2936 797 2980 495,
823 2937 865 2974 15
889 2936 932 2972 K.
957 2936 1088 2975 Donat.
1113 2936 1161 2982 (p.
1185 2935 1253 2974 744
1275 2935 1426 2981 Hagen),
1457 2933 1555 2971 Serv.
1581 2937 1689 2981 praef.
1715 2935 1792 2971 buc.
1823 2947 1856 2982 p.
1879 2935 1958 2979 210
1980 2934 2058 2984 Th„
2084 2937 2184 2974 cuins
2211 2936 2412 2984 disputatio
2435 2937 2581 2975 conlata

143 3004 223 3028 cum
247 2994 379 3030 Donati
402 2994 569 3036 ostendit,
595 2998 730 3039 quanta
754 2994 802 3029 sit
825 2994 900 3029 eius
927 2994 1154 3039 neglegentia
1176 2995 1213 3028 in
1236 2993 1448 3028 testimoniis
1472 2993 1683 3037 scriptorum
1710 2993 1912 3038 adscriptis.

346 3050 373 3092 ²)
413 3052 561 3086 Prorsus
585 3050 707 3085 eadem
730 3050 766 3085 in
790 3050 917 3087 scholl.
939 3049 1050 3085 addit.
1075 3048 1203 3094 Georg.
1232 3048 1294 3090 ΙΙΙ,
1331 3049 1399 3087 280
1421 3052 1625 3091 occurrunt,
1651 3052 1693 3085 nt
1718 3050 1889 3094 suspicari
1913 3050 2026 3095 possis
2050 3051 2273 3088 artissimum
2296 3061 2373 3087 esse
2397 3050 2580 3086 vinculum

143 3105 240 3141 inter
261 3105 390 3141 horum
414 3107 549 3142 fontem
575 3109 612 3142 et
636 3105 911 3152 Philargyrium.
958 3104 1100 3141 Servius
1124 3104 1197 3151 ipse
1228 3104 1275 3140 ad
1299 3105 1389 3140 Aen.
1414 3103 1473 3147 IV,
1498 3105 1566 3141 516
1589 3105 1744 3141 Plinium
1768 3108 1910 3142 secutus
1935 3108 2025 3150 (nat.
2051 3106 2140 3145 hist.
2160 3107 2257 3153 842)
2280 3107 2367 3145 item
2391 3105 2436 3143 de
2472 3115 2580 3143 carn·

145 3162 184 3197 in
208 3164 326 3198 fronte
350 3163 532 3207 pullorum
553 3162 678 3204 tradit,
702 3162 745 3197 de
769 3161 1016 3206 Theophrasto
1040 3162 1161 3197 antem
1185 3161 1287 3203 nihil,
1326 3162 1418 3196 sicut
1441 3170 1485 3195 ne
1509 3161 1646 3197 Plinius
1671 3161 1824 3207 quidem.
1847 3162 1944 3204 Quae
1967 3162 2066 3198 serv.
2091 3163 2138 3201 ad
2158 3163 2292 3210 Georg.
2313 3163 2379 3207 ΠΙ,
2405 3162 2478 3202 280
2502 3163 2582 3205 ,neit
2649 3194 2651 3196 .

146 3219 279 3253 lectum
303 3217 398 3262 apud
424 3218 629 3261 Hesiodum,
669 3219 816 3254 herbam
854 3228 930 3253 esse
955 3216 1132 3262 quandam
1158 3244 1167 3253 .
1191 3244 1200 3253 .
1225 3220 1246 3254 .‘
1269 3238 1315 3246 —
1337 3216 1431 3263 qnod
1469 3227 1553 3252 cave
1579 3228 1658 3252 cnm
1681 3217 1871 3254 Hescivio
1885 3221 2003 3255 mutes
2041 3220 2079 3255 in
2105 3220 2427 3264 minoen-itum*-
2450 3219 2585 3255 iterum

140 3271 368 3310 demonstrat
389 3284 502 3319 neque
525 3274 754 3311 Theocritum
777 3285 798 3309 a
822 3276 945 3310 nostro
973 3275 1107 3309 lectum
1131 3283 1245 3319 neque
1270 3273 1535 3319 antiquissimos
1560 3274 1831 3310 commentarios
1856 3274 1993 3321 Vergil.
2014 3275 2193 3323 inspectos
2215 3287 2239 3311 a
2263 3269 2402 3313 nostro.

216 3384 252 3419 tr
350 3328 377 3375 ¹)
409 3330 477 3367 Ubi
502 3333 643 3375 praeter
666 3330 732 3366 hos
755 3331 851 3368 loces
874 3330 1085 3366 Theocritus
1113 3330 1257 3371 citatur,
1301 3330 1413 3374 ipsius
1451 3332 1577 3374 poetae
1615 3330 1722 3365 verba
1747 3331 1996 3375 respiciuntur,
2036 3336 2125 3377 ques
2148 3335 2297 3369 enotare
2321 3331 2418 3368 nihil
2438 3330 2485 3366 ad
2508 3340 2587 3366 ren

146 3392 215 3419 nos
253 3394 321 3422 am.
