2692 3515
99 302 205 350 milii
229 300 380 348 mirum
407 302 532 347 fuisse
559 302 699 353 fateor,
727 300 823 357 quia
861 298 914 344 ad
960 297 1088 344 Servii
1131 298 1499 357 interpretationem
1528 313 1666 346 versus
1693 299 1795 345 Aen.
1825 298 1888 344 VI
1911 300 1996 345 545
2026 299 2202 358 ,explebo
2229 294 2692 357 nnmmllt

100 369 282 416 diximus
307 374 445 427 supra,
473 368 636 426 explebo
666 370 728 411 est
753 367 948 410 minuam‘
978 366 1315 413 baecadnotavit:
1344 368 1535 417 ,ceterum
1563 366 1722 412 Servius
1749 367 1792 411 in
1819 367 2020 425 superiore
2045 366 2333 414 commentario
2360 364 2479 414 nihil
2483 360 2549 418 de

99 440 180 482 hnc
206 450 250 480 re
263 436 392 482 dixit:
451 437 582 489 Quam
611 437 663 478 ob
691 448 774 477 rem
805 447 897 476 cum
916 434 1133 477 verendum
1162 436 1231 485 sit,
1260 447 1309 477 ne
1320 434 1652 478 commentarium
1664 434 1898 478 Servianum
1925 435 2149 490 legentibus
2166 436 2341 491 suspicio
2367 435 2544 494 orimur,

99 504 327 559 ubicunque
352 503 469 546 Thilo
496 503 626 546 locum
656 500 898 556 superiorem
933 513 1013 544 non
1042 500 1308 557 adscripserit,
1353 513 1434 544 non
1478 500 1647 545 inveniri
1692 501 1735 544 id
1762 502 1939 545 scholion
1984 502 2028 545 in
2069 500 2185 546 libris
2227 502 2379 547 neseis
2413 503 2546 560 neque

103 573 256 617 cerm
283 583 370 616 esse
398 583 482 614 rem
509 568 859 645 indubitatumque
885 567 937 611 de
965 570 1079 612 textu
1106 568 1294 613 Serviano
1322 580 1402 611 non
1430 568 1632 620 mutilato,
1661 582 1683 612 e
1710 581 1754 612 re
1779 569 1880 613 mibi
1907 569 2117 615 videbatur
2150 582 2237 614 esse
2262 582 2402 614 omues
2427 569 2540 620 locos

102 651 328 695 congerere,
356 638 400 681 in
426 637 569 691 quibus
597 635 756 679 Servius
783 635 867 678 iam
906 648 1028 710 supra
1055 650 1098 680 se
1125 637 1277 691 aliquid
1304 635 1522 690 explicasse
1548 636 1669 687 dicat,
1712 650 1812 691 quos
1839 636 2000 692 quidem
2027 638 2145 681 Thilo
2191 638 2235 680 in
2262 636 2437 682 editione
2464 649 2544 681 m

105 705 288 751 omiserit
315 703 480 747 adicere.
536 702 577 744 N
578 701 740 757 eglectis
770 704 907 745 autem
935 702 1007 753 eis,
1053 702 1123 745 ubi
1163 703 1293 758 ipsum
1334 701 1501 756 Vergilii
1530 714 1688 745 versum
1717 701 1768 745 S
1752 702 1877 746 errius
1904 702 2072 755 addidit,
2114 703 2167 746 ad
2195 716 2313 758 quem
2343 702 2540 760 interpre-

111 772 279 817 tandum
306 783 353 813 ea
380 768 559 825 superius
585 767 815 823 adscripsit,
844 768 918 812 hos
946 768 1048 811 mihi
1077 769 1237 813 enotavi
1259 770 1310 823 ¹2)

302 838 405 880 Aen.
437 836 469 884 1.
501 835 554 877 19
587 834 705 889 Duci]
732 834 899 878 ductum
948 835 1012 885 iri,
1060 835 1249 878 infinitivi
1277 833 1386 876 modi
1414 846 1439 876 a
1467 834 1626 890 passivo
1676 836 1832 890 tempus
1859 847 2043 890 praesens
2080 848 2153 891 pro
2201 836 2335 879 futuro
2389 836 2542 891 posuit,
2615 850 2618 853 ·
2661 844 2675 848 *⁷

106 907 271 948 verbum
299 916 370 958 pre
399 903 531 951 verbo,
579 905 626 944 ut
669 914 791 956 supra
818 903 1026 944 ostensum
1054 905 1118 945 est
1142 920 1201 940 =
1229 904 1327 944 Aen.
1357 899 1394 950 Ι,
1424 902 1452 942 4
1481 901 1577 943 haec
1618 901 1789 945 varietas
1818 908 1834 943 .“
1860 932 1871 944 .
1899 934 1911 947 .
1939 902 2141 945 invenitur
2186 903 2310 946 etiam
2357 903 2400 945 in
2448 903 2559 946 aliis

103 969 286 1029 partibus
313 966 522 1021 orationis,
551 969 598 1012 ut
625 967 680 1012 sit
709 966 943 1013 adverbium
973 980 1043 1025 pro
1073 967 1259 1013 adverbio
1289 1000 1300 1011 .
1333 1000 1343 1011 .
1372 969 1413 1012 et
1442 967 1485 1012 iu
1512 967 1720 1025 participio
1751 1000 1763 1013 .
1787 999 1802 1014 .
1829 970 1870 1013 et
1898 968 1939 1012 in
1966 968 2140 1014 nomine.
2168 969 2203 1025 2)
2383 960 2389 963 ’

303 1037 406 1080 Aen.
437 1037 473 1089 Ι,
502 1036 555 1078 37
588 1036 699 1078 Haec
727 1034 878 1095 secum]
908 1068 919 1078 .
952 1069 963 1082 .
995 1038 1037 1079 et
1066 1037 1141 1080 hoc
1168 1037 1301 1079 fictum
1340 1038 1415 1086 est,
1459 1038 1506 1078 ut
1551 1036 1731 1091 superius
1772 1036 1964 1087 diximus;
2010 1037 2120 1080 unde*
2158 1037 2264 1080 enim
2313 1038 2389 1081 hoc
2418 1036 2545 1081 sciret

112 1108 256 1161 poeta?
282 1121 341 1142 =
368 1104 534 1158 praefat.
564 1117 604 1157 p.
633 1105 660 1145 4
692 1135 703 1146 .
734 1134 747 1145 .
778 1104 980 1145 heroicum
1012 1134 1024 1146 .
1056 1135 1067 1145 .
1097 1105 1301 1146 continens
1330 1116 1422 1145 vera
1449 1115 1542 1145 cum
1569 1102 1672 1145 fictis
1701 1133 1713 1144 .
1738 1134 1749 1144 .

305 1170 407 1215 Aen.
437 1168 475 1221 I,
504 1169 572 1213 56.
630 1168 747 1214 Celsa
775 1171 881 1226 arce]
911 1169 1129 1214 secundum
1159 1170 1263 1226 quod
1293 1169 1471 1225 superins
1501 1168 1688 1213 diximus.
1720 1169 1826 1214 venti
1867 1168 1973 1214 enim
2019 1170 2161 1215 melius
2189 1168 2535 1229 deprehenduntur

103 1252 153 1284 ex
180 1239 279 1283 alto.
307 1255 366 1277 =
397 1238 431 1290 Ι,
461 1238 516 1280 54
542 1249 589 1280 ac
617 1236 758 1281 vinclis
787 1241 829 1281 et
856 1249 1011 1282 carcere
1040 1237 1185 1293 frenat]
1227 1237 1431 1281 translatio
1463 1240 1524 1280 eet
1553 1249 1623 1292 per
1659 1237 1855 1293 poeticam
1883 1237 2086 1282 licentiam
2106 1238 2213 1281 facta
2237 1238 2305 1293 (cf.
2334 1238 2456 1282 etiam
2484 1237 2540 1282 ad

106 1319 211 1349 vers.
237 1307 292 1346 52
322 1305 546 1356 adnotata).

304 1372 406 1413 Aen.
435 1370 471 1421 Ι,
503 1371 556 1412 76
587 1371 736 1413 Aeolus
766 1371 879 1425 haec]
924 1371 1114 1413 subaudis
1156 1371 1295 1420 ,dixit‘,
1339 1370 1444 1424 quod
1475 1383 1521 1412 ex
1575 1368 1857 1424 posterioribus
1904 1369 2160 1423 intellegitur,
2190 1372 2238 1412 ut
2275 1382 2396 1425 supra
2423 1373 2537 1414 nota-
2575 1386 2580 1390 ·

104 1439 238 1483 vimus
265 1455 323 1477 =
349 1438 450 1481 Aen.
483 1438 518 1488 Ι,
551 1438 604 1481 37
636 1438 733 1481 hwc
761 1439 913 1492 secum]
942 1438 1203 1482 subaudimus
1234 1439 1376 1489 ,locuta
1406 1441 1503 1487 est‘;
1532 1437 1643 1481 deest
1672 1436 1789 1479 euim.

111 1502 117 1505 ’
305 1505 406 1547 Aen.
434 1502 472 1555 1,
503 1503 558 1545 99
587 1502 753 1558 Saevus]
783 1516 969 1559 magnus,
1017 1507 1063 1546 ut
1105 1505 1281 1559 superius
1309 1503 1497 1547 diximus.
1525 1521 1581 1541 =
1608 1504 1709 1547 Aen.
1738 1501 1774 1553 I,
1809 1503 1836 1543 4
1871 1503 2026 1556 saevae]
2058 1533 2069 1545 .
2100 1533 2111 1543 .
2141 1533 2153 1544 .
2182 1501 2401 1546 nescientes
2430 1502 2541 1558 quod

102 1584 261 1614 saevam
290 1572 478 1613 dicebant
507 1574 660 1612 veteres
689 1583 894 1625 magnam.

305 1628 408 1682 Aen.
435 1635 473 1690 1,
506 1636 590 1681 175
637 1635 837 1694 Succepit]
873 1650 944 1694 pro
993 1637 1179 1694 suscepit,
1228 1640 1272 1680 ut
1311 1649 1432 1693 supra
1480 1636 1667 1681 diximus.
1707 1653 1764 1675 =
1806 1635 1903 1681 Aen.
1934 1633 1968 1685 I,
2002 1634 2083 1678 144
2111 1634 2208 1679 item
2252 1648 2325 1680 nos
2366 1634 2539 1681 dicimus

104 1706 271 1760 suscepi,
299 1705 361 1748 illi
388 1705 577 1748 dicebaut
605 1705 778 1760 succepi.

306 1771 408 1815 Aen.
439 1772 472 1821 Ι,
505 1771 583 1813 181
617 1770 659 1814 Si
688 1773 823 1826 quem]
854 1804 865 1815 .
895 1804 906 1815 .
937 1774 1008 1813 aut
1036 1773 1140 1814 certe
1171 1775 1308 1824 ,quem‘
1358 1773 1488 1818 vacat,
1521 1773 1567 1813 ut
1595 1769 1774 1824 superius
1812 1768 1985 1811 diximus
2014 1768 2112 1810 istas
2142 1769 2364 1823 frequenter
2392 1781 2536 1813 vacare

103 1838 332 1896 particulas.
375 1856 432 1877 =
470 1839 573 1884 Aen.
624 1839 660 1890 1,
711 1838 762 1882 18
806 1838 849 1881 Si
896 1838 991 1893 qua]
1033 1851 1109 1893 qua
1157 1840 1270 1880 vacat
1314 1839 1354 1881 et
1399 1839 1460 1880 est
1515 1838 1679 1880 ornatus
1727 1848 1846 1879 cansa
1873 1835 2050 1891 positum
2099 1847 2143 1880 ut
2178 1841 2293 1892 ,que‘‚
2326 1837 2529 1890 ‚taudem‘‚

106 1940 118 1959 ,
198 1906 313 1950 tium*
346 1938 356 1947 .
387 1937 397 1947 .

119 1918 196 1962 80¹¹
307 1974 408 2015 Aen.
436 1971 474 2021 I,
506 1973 605 2025 190]
633 1972 828 2015 Cornibus
858 1972 1050 2026 arboreis]
1079 1975 1149 2013 aut
1177 2003 1187 2014 .
1219 2004 1229 2014 .
1259 1976 1326 2013 aut
1367 1974 1472 2013 certe
1500 1969 1716 2013 secundum
1766 1982 1886 2023 supra
1926 1969 2076 2011 dictam
2123 1969 2291 2023 figuram
2339 1971 2539 2020 ‚cornibus

104 2038 292 2083 arboreis‘
321 2051 392 2095 pro
424 2050 629 2090 ‚cornuum
659 2040 926 2082 arboreorum‘
956 2055 1013 2077 =
1043 2038 1145 2081 Aen.
1173 2036 1209 2088 I,
1239 2038 1291 2080 95
1324 2038 1494 2081 Pulchra
1521 2036 1647 2092 prole]
1680 2036 1859 2080 notanda
1903 2035 2048 2091 figura;
2078 2035 2300 2091 frequenter
2329 2038 2434 2081 enim
2467 2040 2543 2083 bac

105 2107 246 2153 utitur.
275 2119 368 2149 nam
398 2107 504 2161 quod
535 2120 607 2150 nos
636 2120 706 2163 per
733 2107 964 2162 genetivum
994 2106 1234 2161 singularem
1263 2107 1447 2159 dicimus,
1477 2106 1634 2161 antiqui
1664 2118 1732 2161 per
1761 2104 1976 2161 septimum
2005 2104 2200 2150 dicebant.

312 2175 414 2217 Aen.
441 2173 474 2222 1,
505 2174 588 2216 206
617 2174 715 2217 Jllic
742 2175 802 2216 fas
861 2203 872 2216 .
900 2206 911 2217 .
941 2175 957 2227 ]
987 2174 1114 2227 figura
1152 2174 1274 2216 etiam
1303 2177 1396 2216 ante
1425 2174 1546 2222 dicta,
1587 2185 1666 2227 qua
1694 2184 1763 2227 per
1791 2171 2033 2214 contrarium
2073 2171 2222 2226 aliquid
2265 2173 2547 2227 intelligimuS.

106 2240 274 2283 dicendo
296 2240 402 2282 onim
427 2240 515 2290 ,fas‘
536 2242 712 2283 ostendit
730 2241 826 2283 alibi
846 2241 968 2285 nefaS.
987 2257 1044 2277 =
1063 2241 1164 2284 Aen.
1194 2240 1229 2289 I,
1260 2242 1309 2282 77
1332 2241 1409 2282 Fas
1440 2242 1518 2294 est]
1547 2240 1675 2293 figura
1704 2243 1767 2281 est
1794 2240 1942 2288 litotes,
1973 2251 2072 2292 quae
2099 2238 2145 2280 fit
2165 2237 2474 2294 quotiescunque
2501 2272 2512 2283 .
2533 2271 2546 2284 .

105 2309 199 2363 plus
227 2307 498 2362 siquificamus
527 2321 598 2363 per
626 2308 869 2351 centrarium
900 2307 1183 2361 intellegente&

310 2375 412 2420 Aen.
442 2372 480 2425 Ι,
518 2375 599 2418 231
629 2375 761 2430 Meus]
789 2373 979 2418 subaudis
1007 2374 1127 2426 filius,
1161 2377 1204 2417 ιιι
1232 2374 1365 2418 Aiacis
1395 2374 1489 2423 oili.
1522 2375 1567 2416 ιιι
1596 2375 1688 2415 aute
1717 2371 1891 2415 diximus
1919 2390 1975 2409 =
2002 2372 2101 2416 Aen.
2132 2370 2168 2422 I,
2206 2373 2257 2414 41
2291 2371 2387 2428 oni]
2417 2406 2431 2421 .
2460 2406 2472 2420 .
2503 2380 2546 2417 et

104 2446 168 2485 est
195 2453 337 2495 graeca
366 2442 508 2496 figura,
540 2442 575 2484 si
595 2442 776 2485 dicamus
807 2443 975 2492 ,Aeneas
1004 2442 1213 2484 Anchisae‘
1245 2446 1284 2484 et
1313 2441 1600 2484 subaudiamus
1629 2440 1746 2483 filius.

309 2511 411 2554 Aeu.
440 2509 477 2560 Ι,
510 2511 592 2551 245
624 2510 856 2564 Subridens]
885 2510 1036 2552 laetum
1082 2509 1254 2552 ostendit
1281 2510 1424 2553 Jovem
1456 2540 1469 2553 .
1499 2541 1510 2553 .
1542 2541 1552 2551 .
1582 2511 1788 2562 poetarum
1818 2506 1923 2549 enim
1954 2509 2016 2550 est
2043 2507 2324 2550 elementorum
2353 2508 2543 2551 habitum

106 2576 202 2621 dare
233 2577 481 2630 numinibus,
510 2580 556 2621 ut
585 2591 706 2634 supra
734 2577 783 2622 de
802 2577 990 2633 Neptuno
1029 2575 1180 2621 dictum
1210 2581 1280 2623 est.
1308 2595 1367 2615 =
1394 2577 1495 2619 Aen.
1517 2576 1547 2627 1,
1582 2575 1661 2618 142
1691 2574 1845 2630 Placat]
1874 2575 1947 2618 sub
1973 2573 2126 2630 poetica
2153 2574 2315 2619 licentia
2335 2576 2541 2632 physicam

106 2645 239 2698 tangit
282 2645 492 2688 rationem.
542 2659 657 2687 mare
694 2645 801 2687 enim
843 2646 989 2687 dicitur
1030 2658 1115 2687 esse
1143 2646 1362 2699 Neptunus,
1407 2657 1525 2698 quem
1570 2643 1748 2697 superius
1791 2642 1891 2684 dixit
1929 2643 2103 2696 graviter
2141 2645 2404 2694 commotum,
2445 2645 2547 2698 quia

108 2712 323 2768 tempestas
350 2715 429 2762 est;
458 2725 564 2756 nunc
595 2745 606 2756 .
637 2746 648 2757 .

312 2782 412 2824 Aen.
441 2778 478 2831 Ι,
506 2781 592 2826 273
621 2781 749 2824 Gente
779 2780 854 2824 sub
882 2780 1095 2834 Hectorea]
1124 2778 1165 2821 id
1195 2782 1255 2823 est
1281 2778 1454 2822 Troiana
1482 2812 1494 2823 .
1527 2810 1536 2819 .
1566 2776 1738 2820 diximus
1768 2776 1945 2832 superius
1974 2776 2139 2821 nomina
2166 2780 2301 2833 poetas
2330 2791 2377 2822 ex
2408 2778 2542 2823 vicino
2592 2831 2594 2833 ¹

111 2857 304 2900 usurpare
319 2849 387 2884 ¹'-—--
414 2848 515 2889 Aen.
546 2846 582 2898 1,
611 2849 693 2890 235
724 2878 737 2890 .
769 2879 779 2890 .
811 2847 904 2901 quia
932 2847 1062 2890 solent
1089 2849 1228 2901 poetae
1256 2846 1417 2889 uomina
1445 2844 1494 2887 de
1522 2844 1661 2886 vicinis
1689 2844 1906 2898 provinciis
1935 2845 1998 2886 vel
2025 2845 2204 2899 personis
2232 2850 2436 2900 usurpare.

311 2913 412 2958 Aen.
441 2912 478 2966 Ι,
507 2915 591 2958 286
620 2914 835 2970 Nascetur]
865 2946 876 2959 .
907 2947 920 2961 .
948 2917 990 2958 et
1037 2914 1166 2958 omnis
1213 2918 1351 2970 poetae
1392 2911 1575 2963 intentio,
1620 2914 1665 2955 ut
1693 2911 1735 2954 in
1782 2910 1973 2967 qualitate
2019 2912 2206 2956 carminis
2255 2912 2446 2965 diximus,
2493 2912 2547 2956 ad

112 3012 422 3021 h———m—

324 3068 347 3109 ι)
372 3054 478 3103 Sicut
496 3069 532 3103 in
558 3069 851 3113 praecedentibus
875 3070 946 3104 iam
971 3079 1009 3104 se
1033 3068 1206 3115 quaedam
1231 3068 1433 3113 exposuisse
1468 3066 1555 3102 dicit
1579 3069 1709 3108 noster,
1735 3067 1787 3102 ita
1802 3068 1910 3102 etiam
1934 3068 1969 3101 in
1992 3069 2220 3113 sequentibus
2244 3079 2282 3103 se
2305 3068 2550 3104 indicaturum

113 3121 336 3213 taxi&
336 3124 447 3159 veluti
471 3124 560 3159 Aen.
586 3125 630 3166 Π,
666 3125 865 3165 eos—5073
890 3136 978 3170 quos
1003 3125 1098 3160 locos
1123 3135 1163 3159 ex
1186 3125 1338 3159 scribere
1364 3122 1554 3167 supersedi,
1581 3133 1658 3157 cum
1684 3134 1753 3158 non
1780 3124 1874 3167 paris
1907 3124 2077 3159 momenti
2092 3124 2280 3159 videantur
2303 3135 2380 3159 esse
2406 3123 2452 3159 ad
2474 3134 2553 3159 rem

323 3234 349 3277 '1
374 3235 491 3270 Primo
515 3236 641 3272 statim
668 3237 755 3279 loco,
780 3236 874 3282 quod
897 3238 1038 3283 saepius
1062 3237 1183 3273 licebit
1206 3236 1499 3277 animadvertere,
1525 3235 1685 3271 Servium
1711 3236 1746 3270 in
1770 3235 1966 3280 delegando
1991 3247 2116 3281 parum
2139 3239 2305 3273 accurate
2328 3247 2369 3272 sc
2395 3236 2552 3282 gessisse

111 3290 318 3333 mei
341 3290 481 3335 quidem
506 3291 597 3327 illud
622 3295 674 3333 ,ut
697 3304 803 3338 supra
825 3295 1006 3329 ostensum
1030 3297 1096 3330 est‘
1120 3314 1166 3322 -
1192 3293 1286 3339 quod
1311 3293 1478 3329 omissum
1511 3294 1568 3327 est
1590 3292 1634 3327 ab
1649 3291 1764 3328 codice
1788 3291 1820 3327 K
1843 3294 1881 3327 et
1904 3291 1932 3328 C
1957 3312 2004 3320 —
2025 3292 2070 3328 ab
2093 3293 2169 3338 ipso
2186 3295 2243 3329 est
2266 3290 2555 3338 additum‚quod

110 3342 261 3381 dubium
285 3356 328 3380 ea
351 3357 489 3392 quoque
512 3347 556 3381 de
579 3358 698 3390 causa,
721 3349 803 3393 quia
825 3360 895 3385 non
919 3350 1014 3386 solet
1038 3350 1092 3385 uti
1116 3351 1187 3386 ista
1210 3349 1349 3385 dicendi
1373 3348 1539 3387 foi-muln.
