2692 3515
1197 174 1253 183 -
1300 148 1327 191 8
1374 139 1444 184 -.
1777 175 1780 177 .
2158 186 2163 191 ἢ
2495 188 2497 190 ‚
2582 153 2692 211 pff

2644 227 2669 287 ,4

85 293 207 338 quem
235 284 382 326 ustum
411 282 571 327 Servius
609 281 767 325 exhibet
781 280 1003 324 metatis
1030 280 1255 325 Anchisae?
1300 294 1421 338 quam
1460 282 1648 339 pluribus·
1668 254 1811 327 verbis
1841 282 2006 345 exponit
2032 282 2122 327 Aen
2150 281 2209 335 11,
2251 282 2364 326 687
2366 278 2594 339 Oculos

86 349 140 393 ad
171 346 331 409 sidera]
364 352 506 394 contra
546 349 772 405 opinionem
799 347 1013 396 Theocriti,
1061 349 1132 402 qui
1175 361 1265 392 eum
1307 349 1475 392 fulmine
1517 351 1721 393 caecatum
1763 349 1901 393 fuisse
1926 341 2589 413 commemorat⁴‚qu1busom

87 416 409 472 coniungendam
438 417 614 461 scholion
642 415 694 459 ad
722 400 1288 465 Aen.11‚649,Fu1minis
1321 416 1546 471 adflavit].
1634 408 1890 464 fulminatum
1909 409 2044 469 autem
2080 420 2142 461 est
2183 417 2425 469 Anchises,
2433 417 2555 472 'quia

87 496 134 529 se
160 496 252 528 cum
283 483 435 529 Venere
463 482 719 528 concubuisse
746 479 934 525 iactabat.
991 481 1158 536 Atqui
1146 496 1188 525 m
1216 485 1301 526 toto
1330 483 1540 528 Theocrito
1569 449 1620 527 de
1648 483 1824 529 Anchise
1849 483 1950 528 nihil
1977 484 2180 529 invenitur
2207 484 2286 530 nisi
2314 485 2407 529 hoc.
2669 489 2675 499 ‘

524 550 578 592 id.
608 548 645 598 I,
678 549 757 590 105
787 547 834 592 εὖ
862 550 1025 602 λέγεται
1055 550 1133 593 τὰν
1164 552 1334 605 Κύπριν
1362 551 1387 596 ὁ
1416 552 1640 604 βουκολος,
1671 555 1774 607 ἕρπε
1803 552 1895 596 ποτ’
1913 553 2047 597 Ἴδαν

1067 621 1170 672 ἕρπε
1200 617 1296 659 *ποῖ
1318 618 1527 673 Ἀγχίσαν,
1576 674 1581 678 ¹

95 685 242 740 quibus
273 683 450 739 Daphnis
479 683 669 727 Venerem
698 681 748 725 ad
777 682 980 725 Anchisen
1009 682 1051 726 in
1079 683 1162 727 Jda
1190 688 1415 729 morantem
1446 686 1556 729 iubet
1585 698 1627 728 se
1654 683 1846 730 conferre.

293 750 484 804 Quamvis
527 752 662 793 autem
708 748 771 792 hic
814 761 970 804 quoque
1010 749 1170 795 Servius
1216 752 1487 807 neglegentiae
1531 754 1594 795 est
1620 750 1860 807 arguendus,
1908 750 2014 806 quod
2061 751 2316 796 Theocritum
2364 753 2526 806 poetam

89 818 276 862 adfirmat
304 818 450 860 dixisse
478 817 534 867 id,
568 817 681 860 cuius
710 816 817 871 apud
845 817 960 859 illum
989 830 1062 861 nec
1089 820 1180 862 vola
1210 832 1280 861 nec
1308 820 1539 874 vestigium,
1569 822 1704 862 tamen
1758 819 1843 862 noli
1870 821 2083 873 propterea
2110 818 2243 862 invehi
2272 819 2313 862 in
2341 821 2526 863 nostrum

87 884 278 932 atrocius.
335 884 442 928 Nam
493 883 627 928 nullus
657 883 810 935 dubito,
860 883 954 939 quin
1002 883 1138 929 fabula
1185 885 1233 929 de
1260 886 1462 931 Anchisae
1489 885 1678 931 caecitate
1701 883 1803 929 'olim
1830 885 1936 931 lecta
1963 884 2018 930 sit
2061 885 2103 929 in
2131 885 2341 931 Theocrito
2368 909 2426 919 —
2453 884 2524 929 sed

88 953 130 995 ιιι
159 951 372 995 Theocrito
403 951 702 994 commentariis
731 953 886 1002 ornate,
935 964 982 994 ex
1034 964 1110 1008 quo
1159 953 1269 996 fonte
1318 954 1534 997 hauserunt
1579 952 1820 1008 antiquiores
1850 952 2018 1007 Vergilii
2047 953 2295 1009 interpretes,
2325 952 2428 995 unde
2460 956 2524 995 sat

89 1022 345 1076 neglegenter
373 1020 533 1063 Servius
563 1032 635 1062 sua
663 1020 869 1063 derivavit.
929 1019 1043 1071 Quod
1073 1024 1119 1063 ut
1148 1022 1371 1075 probemus,
1401 1034 1495 1064 sane
1522 1022 1678 1076 longius
1708 1021 1917 1075 repetenda
1945 1024 2008 1063 est
2036 1021 2178 1065 oratio.
2197 1022 2229 1072 ¹)

295 1087 409 1129 Sicut
436 1088 478 1131 in
507 1084 713 1128 condenda
755 1089 840 1128 arte
867 1087 1134 1139 grammatica
1177 1089 1378 1132 Romanos
1414 1089 1528 1131 anxie
1557 1089 1797 1131 Graecorum
1818 1088 2008 1147 vestigia·
2029 1088 2221 1143 pressisse
2247 1088 2353 1130 inter
2380 1100 2521 1130 omnes

93 1157 265 1206 constat,
295 1155 354 1197 ita
381 1167 450 1197 eos
480 1153 601 1197 etiam
631 1153 672 1195 in
701 1154 1020 1196 commentandis
1049 1155 1368 1210 explicandisque
1396 1156 1634 1211 scriptorum
1663 1156 1846 1210 operibus
1893 1154 1944 1197 ad
1986 1153 2231 1198 Graecorum
2261 1154 2520 1209 interpretum
2606 1161 2611 1164 “

86 1221 281 1266 rationem
313 1235 356 1265 se
383 1220 604 1277 adplicasse
646 1232 860 1275 eorumque
887 1219 1033 1264 scrinia
1081 1221 1314 1277 compilasse
1363 1226 1423 1267 vel
1471 1222 1564 1267 inde
1604 1226 1779 1279 apparet,
1835 1222 1940 1278 quod
1989 1221 2171 1267 terminis
2199 1220 2402 1274 technicis‚
2452 1222 2523 1278 qui

85 1293 290 1340 vocantur,
320 1292 371 1330 ab
399 1290 481 1331 illis
509 1288 742 1342 excogitatis
769 1288 820 1329 ad
849 1290 1102 1343 exponendas
1150 1302 1261 1331 voces
1309 1302 1356 1332 ac
1385 1291 1602 1333 sententias
1649 1291 1707 1332 ita
1735 1294 1915 1342 utuntur,
1945 1293 1991 1333 ut
2037 1290 2268 1345 saepissime
2310 1290 2398 1345 ipsa
2425 1291 2523 1332 haec

85 1368 227 1413 graeca
256 1357 446 1401 vocabula
475 1356 624 1399 latinae
652 1354 917 1410 disputationi
963 1356 1134 1401 inserere
1181 1369 1255 1401 non
1305 1360 1530 1410 vereantur,
1559 1358 1761 1402 interdum
1809 1358 1850 1400 in
1879 1368 2103 1402 sermonem
2150 1352 2322 1400 latinum
2352 1358 2522 1409 vertant.

83 1425 208 1467 Cuius
254 1418 408 1477 generis
466 1424 595 1465 obiter
641 1423 923 1465 tantummodo
973 1424 1144 1477 Vergilii
1190 1425 1421 1478 interpretes
1467 1426 1717 1478 percensenti
1762 1428 1973 1467 occurrunt
2020 1425 2115 1466 haec
2133 1425 2184 1476 ²):
2233 1425 2525 1479 ἆμφιβολικῶς

84 1491 195 1538 Serv,
222 1492 324 1536 Aen.
354 1489 391 1542 I,
422 1491 521 1537 267.
552 1504 621 1546 pel·
651 1490 1000 1548 α’ντικατηγορίαν
1030 1492 1110 1534 sch.
1143 1494 1218 1534 vet.
1247 1491 1348 1535 Aen.
1377 1491 1428 1542 X,
1452 1483 1527 1535 36.
1558 1494 1766 1544 δεικτικῶς
1794 1491 1904 1535 Serv.
1934 1491 2035 1537 Aen.
2064 1491 2117 1541 II,
2152 1490 2249 1536 289.
2298 1494 2525 1548 εἰρωνικῶς

84 1560 194 1605 Serv.
222 1561 323 1604 Aen.
353 1559 451 1609 VII,
483 1561 582 1604 556.
611 1561 852 1615 ἐμφαιικῶς
879 1561 961 1602 sch.
1011 1562 1088 1601 vet.
1139 1560 1236 1601 Aen.
1286 1559 1356 1609 IV,
1405 1560 1501 1603 440.
1530 1562 1851 1617 ἐξηλλαγμένως
1879 1561 1961 1605 sch,
1992 1565 2071 1604 vet.
2119 1558 2263 1612 Georg.
2308 1558 2394 1609 ΙΙΙ,
2427 1560 2523 1602 328·

85 1628 362 1685 εὖσυμβόλως
390 1626 429 1670 S.
461 1628 563 1671 Aen.
593 1626 710 1677 VIII,
740 1626 839 1669 513.
868 1629 1192 1683 καταχρηστικῶς
1220 1626 1340 1670 schol.
1368 1628 1446 1671 vet.
1478 1626 1582 1671 Aen.
1612 1626 1670 1678 11,
1701 1627 1799 1672 379.
1828 1627 1935 1670 κατὰ
1965 1627 2010 1671 τὸ
2041 1627 2318 1682 σιωπώμενον
2352 1625 2392 1670 S.
2420 1625 2521 1670 Aen.

91 1694 212 1746 VIII,
242 1696 340 1740 613.
368 1695 414 1739 τὸ
444 1698 616 1750 πρέπον
643 1693 683 1738 S.
713 1693 815 1737 Aen.
848 1694 917 1745 lx,
948 1694 1043 1737 775.
1071 1687 1400 1751 περιφραστικῶς
1429 1695 1510 1739 sch.
1541 1694 1753 1738 vetsAen.
1783 1694 1835 1745 11,
1866 1694 1962 1736 392.
2023 1693 2311 1749 ὑπερβολικῶς
2345 1692 2385 1736 S.
2420 1694 2522 1737 Aen.

38 1793 41 1795 -
84 1763 181 1814 vn,
207 1764 278 1805 43.
336 1762 442 1804 ltem
473 1764 698 1811 occurrunt,
729 1774 830 1815 quae
859 1774 1098 1815 quamquam
1129 1761 1269 1803 litteris
1298 1762 1434 1803 latinis
1463 1762 1616 1805 tradita
1645 1765 1752 1812 sunt,
1780 1764 2136 1817 graecam-tamen
2169 1762 2341 1803 tonnam
2370 1760 2524 1803 retinu-

84 1834 216 1881 erunt,
247 1830 372 1873 veluti
404 1830 515 1871 haec:
546 1828 792 1882 allegoricos,
821 1829 1071 1877 anaeriticos,
1101 1828 1384 1882 hyperbolicos.
1432 1830 1531 1871 lexis
1578 1830 1804 1885 polysemos
1834 1830 1953 1882 (Aen.
1986 1828 2056 1878 IV,
2089 1828 2207 1882 231),
2254 1828 2357 1881 quod
2386 1830 2521 1871 utrum

83 1898 184 1955 ipsis
224 1896 468 1940 scholiorum
528 1894 758 1938 auctoribus
799 1908 850 1937 an
893 1895 1068 1938 librariis
1109 1895 1164 1937 sit
1205 1895 1471 1946 tribuendum,
1518 1896 1620 1940 effici
1662 1896 1814 1951 nequit.
1875 1895 2052 1950 Denique
2083 1894 2338 1938 inveniuntur
2381 1895 2522 1947 multa,

81 1979 185 2021 quae
213 1978 258 2007 ex
300 1965 454 2019 graecis
512 1975 628 2005 versa
669 1975 756 2004 esse
786 1966 963 2017 apparet,
1014 1965 1079 2003 ut:
1127 1964 1279 2017 proprie
1306 1980 1364 1999 =
1389 1969 1542 2019 κυρίως
1588 1965 1649 2006 vel
1693 1966 1826 2013 ῖδίως,
1876 1962 2039 2004 abusive
2081 1979 2138 1999 =
2179 1966 2523 2019 καταχρηστικῶς,

81 2033 258 2076 irrisorie
285 2049 342 2072 =
370 2035 609 2086 εἰρωνικῶς,
639 2031 732 2071 alia.

287 2098 401 2151 Quod
430 2099 494 2140 iel
522 2098 615 2140 hinc
643 2096 836 2151 sequitur,
877 2094 1051 2138 Graecos
1098 2095 1327 2150 inteisspietes
1370 2096 1446 2139 ad¹
1449 2096 1571 2140 ibitos
1618 2110 1703 2140 esse
1731 2111 1756 2140 a
1785 2096 1993 2147 Romanis,
2036 2095 2079 2139 id
2129 2095 2210 2138 iam
2241 2095 2407 2139 dubium
2437 2109 2525 2140 esse

84 2168 186 2212 nulli
215 2166 374 2223 poterit,
404 2164 473 2209 ubi
502 2163 654 2208 scholia
681 2176 825 2239 graeca
852 2162 894 2205 in
923 2161 1143 2205 Heu-erum
1174 2162 1389 2219 praecipue,
1422 2163 1698 2220 Apollonium,
1726 2162 1986 2208 Theocritum
2015 2176 2106 2206 cum
2137 2161 2296 2206 scholiis
2324 2161 2524 2217 Vergilia-

85 2236 148 2278 nis
175 2233 401 2279 contulerit.
463 2233 530 2274 Ad
559 2233 633 2275 hos
662 2231 767 2274 enim
798 2234 938 2285 poetas
967 2232 1265 2284 comment-aque
1310 2231 1353 2272 in
1382 2243 1450 2274 eos
1478 2231 1701 2286 conscripta
1728 2232 1963 2275 necessitate
1992 2230 2165 2284 quadam
2193 2229 2371 2273 Maronis
2399 2231 2524 2273 inter-

84 2304 216 2359 pretes
245 2302 340 2345 sunt
369 2299 491 2352 ducti,
523 2298 628 2356 quod
655 2298 793 2356 paullo
821 2300 916 2354 post
943 2296 1051 2341 edita
1079 2296 1242 2352 Vergilii
1271 2298 1449 2342 carmina
1477 2298 1575 2343 data
1602 2310 1723 2355 opera
1769 2311 1794 2343 a
1822 2297 1920 2343 viris
1965 2296 2094 2342 doctis
2138 2308 2210 2341 uec
2243 2309 2323 2342 non
2351 2289 2522 2343 indoctis

82 2373 150 2416 est
179 2363 419 2427 quaesitum,
447 2368 552 2413 uude
581 2380 655 2411 sua
683 2367 874 2418 hauserit,
918 2365 1030 2409 cuius
1078 2365 1200 2408 studii
1242 2369 1287 2409 ut
1329 2366 1371 2409 in
1408 2367 1569 2411 scholiis
1617 2370 1659 2410 et
1700 2366 1895 2410 Macrobii
1939 2364 2217 2408 Saturnalibus
2262 2366 2390 2409 multa
2428 2370 2523 2411 sunt

86 2442 335 2492 argumenta,
392 2439 452 2478 ita
481 2437 786 2478 commonefecit
813 2435 968 2476 Gellius
997 2434 1116 2476 Noct.
1163 2436 1271 2478 attic.
1301 2434 1380 2484 IX,
1411 2440 1450 2484 9,
1481 2438 1508 2475 3
1539 2437 1652 2484 ,scite
1696 2447 1792 2487 ergo
1842 2441 1883 2476 et
1911 2434 2157 2477 considerate
2201 2435 2399 2488 Vergilius
2428 2450 2520 2479 cum
2595 2477 2599 2484 ,

82 2510 157 2550 aut
184 2504 360 2550 Homeri
389 2506 461 2548 aut
493 2502 660 2547 Hesiodi
701 2505 773 2546 aut
800 2500 1008 2559 Apollonii
1052 2503 1122 2545 aut
1164 2501 1369 2545 Parthenii
1412 2505 1482 2546 aut
1524 2500 1764 2559 Callimachi
1807 2503 1878 2545 aut
1919 2499 2119 2545 Theocriti
2162 2503 2233 2545 aut
2273 2501 2520 2557 quorundum

80 2574 253 2616 aliorum
294 2573 404 2616 locos
452 2572 671 2627 effingeret,
717 2569 869 2626 partim
909 2569 1082 2624 reliquit,
1131 2570 1213 2611 alia
1253 2570 1475 2625 expressit‘.
1534 2569 1707 2614 Omissis
1746 2572 1882 2613 autem
1910 2568 2015 2618 aliis,
2062 2568 2113 2611 de
2141 2568 2283 2623 quibus
2326 2569 2404 2613 alio
2432 2570 2520 2614 loco

82 2641 288 2696 disputare
316 2641 417 2683 mihi
445 2639 647 2696 proposui,
676 2651 726 2681 ne
752 2638 854 2681 fines
883 2638 1001 2681 huius
1028 2638 1345 2681 commentarioli
1373 2638 1536 2688 exirem,
1584 2650 1684 2693 quae
1711 2651 1758 2681 ex
1786 2637 2029 2681 Theocriteis
2058 2637 2356 2680 commentariis
2384 2642 2522 2682 mutu-

80 2721 169 2751 asse
197 2708 407 2750 videantur
434 2706 604 2760 Vergilii
632 2707 868 2760 interpretes
895 2705 1087 2748 disserere
1114 2705 1156 2746 in
1184 2707 1317 2747 auimo
1358 2709 1432 2748 est.
1465 2706 1694 2759 Antequam
1736 2718 1819 2748 rem
1858 2705 1994 2759 ipsam
2038 2704 2333 2758 aggrediamur,
2361 2710 2520 2757 moneo,

81 2790 132 2819 ne
161 2775 317 2818 mireris
345 2774 498 2819 scholia
541 2787 589 2816 ex
628 2774 703 2817 hoc
750 2773 862 2817 fonte
905 2771 1085 2816 derivata
1129 2784 1210 2815 non
1252 2772 1385 2815 solum
1427 2772 1468 2815 in
1517 2772 1753 2817 commentis
1800 2771 2082 2822 bucolicorum,
2133 2783 2234 2826 quae
2260 2771 2439 2815 cannina
2465 2774 2519 2817 ad

79 2842 283 2887 Theocriti
311 2842 579 2886 imitationem
609 2840 836 2899 composuit
865 2838 1079 2896 Vergilius,
1127 2838 1196 2881 sed
1239 2838 1362 2882 etiam
1405 2838 1447 2881 in
1477 2838 1764 2897 Georgicorum
1796 2842 1838 2883 et
1865 2837 2056 2883 Aeneidis
2082 2838 2182 2894 legi3
2210 2851 2311 2893 quae
2339 2851 2402 2887 res
2428 2839 2521 2891 inde

83 2912 339 2967 potissimum
369 2911 613 2965 explicanda,
644 2909 750 2964 quod
777 2908 1016 2952 vetustiores
1064 2907 1198 2949 Servio
1247 2907 1426 2951 Maronis
1473 2908 1709 2965 interpretes
1736 2909 1778 2951 in
1810 2907 2129 2951 oommentandis
2163 2907 2248 2950 eius
2276 2909 2520 2953 carminibus

90 2994 116 3022 a
143 2977 351 3027 bucolicis,
380 2977 430 3020 ad
466 2991 565 3031 quae
592 2975 825 3035 explicanda
852 2976 895 3019 in
924 2988 1042 3018 usum
1072 2975 1267 3018 vocabant
1293 2973 1564 3026 Theocritum,
1593 2976 1753 3020 initium
1782 2986 1941 3019 sumere
1968 2973 2078 3019 soliti
2106 2976 2212 3019 sunt.
2283 2999 2285 3001 ·
2320 2977 2323 2979 ’

284 3180 313 3224 ¹)
352 3179 528 3225 Pergrsto
568 3178 734 3223 profiteor
764 3179 895 3221 animo,
937 3177 1033 3213 lianc
1073 3175 1273 3213 studiorum
1317 3175 1411 3212 viam
1449 3177 1533 3213 olim
1564 3179 1785 3215 monstrasse
1809 3175 1854 3213 de
1893 3176 2212 3219 wilamowitzium
2254 3178 2519 3221 praeceptorem

78 3246 300 3281 summopere
323 3233 575 3275 venerandum,
597 3233 858 3279 adhortantem,
881 3236 925 3271 ιιι
946 3242 1078 3281 graeca
1099 3242 1239 3278 quoque
1266 3231 1404 3269 scholia
1424 3236 1679 3280 perscrutarer.
2412 3241 2417 3244 ·

283 3292 312 3336 ²)
347 3290 404 3328 Ne
431 3291 562 3337 longus
585 3290 662 3333 sim.
698 3291 825 3329 omitto
858 3291 1004 3338 figuras,
1035 3288 1655 3335 metaplasmos-transformationes
1677 3286 1768 3328 recti
1799 3288 1972 3327 sermon‘n
2006 3289 2045 3325 in
2069 3288 2223 3325 alteram
2245 3286 2519 3333 speciem-vitia

70 3350 248 3387 orationis
271 3349 430 3394 itemque
452 3348 616 3389 virtutes,
641 3351 772 3392 tropos,
795 3348 878 3392 ulia,
901 3347 945 3383 de
968 3348 1095 3394 quibus
1119 3347 1163 3387 ct.
1186 3344 1368 3382 Diomedis
1391 3349 1463 3386 art.
1484 3358 1540 3394 gr.
1566 3359 1600 3393 p.
1623 3348 1693 3385 uo
1715 3345 1760 3383 Κ.
1785 3356 1861 3392 sqq.
